%YAML 1.1
%TAG !u! tag:unity3d.com,2011:
--- !u!29 &1
SceneSettings:
  m_ObjectHideFlags: 0
  m_PVSData: 
  m_PVSObjectsArray: []
  m_PVSPortalsArray: []
  m_OcclusionBakeSettings:
    smallestOccluder: 5
    smallestHole: .25
    backfaceThreshold: 100
--- !u!104 &2
RenderSettings:
  m_ObjectHideFlags: 0
  serializedVersion: 6
  m_Fog: 0
  m_FogColor: {r: .5, g: .5, b: .5, a: 1}
  m_FogMode: 3
  m_FogDensity: .00999999978
  m_LinearFogStart: 0
  m_LinearFogEnd: 300
  m_AmbientSkyColor: {r: .211999997, g: .226999998, b: .259000003, a: 1}
  m_AmbientEquatorColor: {r: .114, g: .125, b: .133000001, a: 1}
  m_AmbientGroundColor: {r: .0469999984, g: .0430000015, b: .0350000001, a: 1}
  m_AmbientIntensity: 1
  m_AmbientMode: 0
  m_SkyboxMaterial: {fileID: 10304, guid: 0000000000000000f000000000000000, type: 0}
  m_HaloStrength: .5
  m_FlareStrength: 1
  m_FlareFadeSpeed: 3
  m_HaloTexture: {fileID: 0}
  m_SpotCookie: {fileID: 10001, guid: 0000000000000000e000000000000000, type: 0}
  m_DefaultReflectionMode: 0
  m_DefaultReflectionResolution: 128
  m_ReflectionBounces: 1
  m_ReflectionIntensity: 1
  m_CustomReflection: {fileID: 0}
  m_Sun: {fileID: 0}
--- !u!157 &3
LightmapSettings:
  m_ObjectHideFlags: 0
  serializedVersion: 5
  m_GIWorkflowMode: 0
  m_LightmapsMode: 1
  m_GISettings:
    serializedVersion: 2
    m_BounceScale: 1
    m_IndirectOutputScale: 1
    m_AlbedoBoost: 1
    m_TemporalCoherenceThreshold: 1
    m_EnvironmentLightingMode: 0
    m_EnableBakedLightmaps: 1
    m_EnableRealtimeLightmaps: 1
  m_LightmapEditorSettings:
    serializedVersion: 3
    m_Resolution: 2
    m_BakeResolution: 40
    m_TextureWidth: 1024
    m_TextureHeight: 1024
    m_AOMaxDistance: 1
    m_Padding: 2
    m_CompAOExponent: 0
    m_LightmapParameters: {fileID: 0}
    m_TextureCompression: 1
    m_FinalGather: 0
    m_FinalGatherRayCount: 1024
    m_ReflectionCompression: 2
  m_LightmapSnapshot: {fileID: 0}
  m_RuntimeCPUUsage: 25
--- !u!196 &4
NavMeshSettings:
  serializedVersion: 2
  m_ObjectHideFlags: 0
  m_BuildSettings:
    serializedVersion: 2
    agentRadius: .5
    agentHeight: 2
    agentSlope: 45
    agentClimb: .400000006
    ledgeDropHeight: 0
    maxJumpAcrossDistance: 0
    accuratePlacement: 0
    minRegionArea: 2
    cellSize: .166666672
    manualCellSize: 0
  m_NavMeshData: {fileID: 0}
--- !u!1001 &119015003
Prefab:
  m_ObjectHideFlags: 0
  serializedVersion: 2
  m_Modification:
    m_TransformParent: {fileID: 0}
    m_Modifications:
    - target: {fileID: 400006, guid: b544816461f324e56a39767fdeb5b114, type: 2}
      propertyPath: m_LocalPosition.x
      value: 24.8400002
      objectReference: {fileID: 0}
    - target: {fileID: 400006, guid: b544816461f324e56a39767fdeb5b114, type: 2}
      propertyPath: m_LocalPosition.y
      value: 2.80999994
      objectReference: {fileID: 0}
    - target: {fileID: 400006, guid: b544816461f324e56a39767fdeb5b114, type: 2}
      propertyPath: m_LocalPosition.z
      value: 25.9400005
      objectReference: {fileID: 0}
    - target: {fileID: 400006, guid: b544816461f324e56a39767fdeb5b114, type: 2}
      propertyPath: m_LocalRotation.x
      value: 0
      objectReference: {fileID: 0}
    - target: {fileID: 400006, guid: b544816461f324e56a39767fdeb5b114, type: 2}
      propertyPath: m_LocalRotation.y
      value: 0
      objectReference: {fileID: 0}
    - target: {fileID: 400006, guid: b544816461f324e56a39767fdeb5b114, type: 2}
      propertyPath: m_LocalRotation.z
      value: 0
      objectReference: {fileID: 0}
    - target: {fileID: 400006, guid: b544816461f324e56a39767fdeb5b114, type: 2}
      propertyPath: m_LocalRotation.w
      value: 1
      objectReference: {fileID: 0}
    - target: {fileID: 400006, guid: b544816461f324e56a39767fdeb5b114, type: 2}
      propertyPath: m_RootOrder
      value: 0
      objectReference: {fileID: 0}
    - target: {fileID: 400006, guid: b544816461f324e56a39767fdeb5b114, type: 2}
      propertyPath: m_LocalScale.z
      value: .487179309
      objectReference: {fileID: 0}
    - target: {fileID: 400006, guid: b544816461f324e56a39767fdeb5b114, type: 2}
      propertyPath: m_LocalScale.x
      value: .447857261
      objectReference: {fileID: 0}
    - target: {fileID: 400006, guid: b544816461f324e56a39767fdeb5b114, type: 2}
      propertyPath: m_LocalScale.y
      value: 1.27244508
      objectReference: {fileID: 0}
    m_RemovedComponents: []
  m_ParentPrefab: {fileID: 100100000, guid: b544816461f324e56a39767fdeb5b114, type: 2}
  m_IsPrefabParent: 0
--- !u!1 &164812317
GameObject:
  m_ObjectHideFlags: 0
  m_PrefabParentObject: {fileID: 0}
  m_PrefabInternal: {fileID: 0}
  serializedVersion: 4
  m_Component:
  - 4: {fileID: 164812321}
  - 33: {fileID: 164812320}
  - 65: {fileID: 164812319}
  - 23: {fileID: 164812318}
  m_Layer: 0
  m_Name: Cube (1)
  m_TagString: Untagged
  m_Icon: {fileID: 0}
  m_NavMeshLayer: 0
  m_StaticEditorFlags: 0
  m_IsActive: 1
--- !u!23 &164812318
MeshRenderer:
  m_ObjectHideFlags: 0
  m_PrefabParentObject: {fileID: 0}
  m_PrefabInternal: {fileID: 0}
  m_GameObject: {fileID: 164812317}
  m_Enabled: 0
  m_CastShadows: 1
  m_ReceiveShadows: 1
  m_Materials:
  - {fileID: 10303, guid: 0000000000000000f000000000000000, type: 0}
  m_SubsetIndices: 
  m_StaticBatchRoot: {fileID: 0}
  m_UseLightProbes: 1
  m_ReflectionProbeUsage: 1
  m_ProbeAnchor: {fileID: 0}
  m_ScaleInLightmap: 1
  m_PreserveUVs: 1
  m_IgnoreNormalsForChartDetection: 0
  m_ImportantGI: 0
  m_MinimumChartSize: 4
  m_AutoUVMaxDistance: .5
  m_AutoUVMaxAngle: 89
  m_LightmapParameters: {fileID: 0}
  m_SortingLayerID: 0
  m_SortingOrder: 0
--- !u!65 &164812319
BoxCollider:
  m_ObjectHideFlags: 0
  m_PrefabParentObject: {fileID: 0}
  m_PrefabInternal: {fileID: 0}
  m_GameObject: {fileID: 164812317}
  m_Material: {fileID: 0}
  m_IsTrigger: 0
  m_Enabled: 1
  serializedVersion: 2
  m_Size: {x: 1, y: 1, z: 1}
  m_Center: {x: 0, y: 0, z: 0}
--- !u!33 &164812320
MeshFilter:
  m_ObjectHideFlags: 0
  m_PrefabParentObject: {fileID: 0}
  m_PrefabInternal: {fileID: 0}
  m_GameObject: {fileID: 164812317}
  m_Mesh: {fileID: 10202, guid: 0000000000000000e000000000000000, type: 0}
--- !u!4 &164812321
Transform:
  m_ObjectHideFlags: 0
  m_PrefabParentObject: {fileID: 0}
  m_PrefabInternal: {fileID: 0}
  m_GameObject: {fileID: 164812317}
  m_LocalRotation: {x: 0, y: .28004089, z: 0, w: .959988117}
  m_LocalPosition: {x: 6.69999981, y: -.819999993, z: -2.6099999}
  m_LocalScale: {x: 5.741364, y: 9.27961349, z: 9.71148014}
  m_Children: []
  m_Father: {fileID: 1742959978}
  m_RootOrder: 1
--- !u!1 &316810016
GameObject:
  m_ObjectHideFlags: 0
  m_PrefabParentObject: {fileID: 0}
  m_PrefabInternal: {fileID: 0}
  serializedVersion: 4
  m_Component:
  - 4: {fileID: 316810017}
  - 33: {fileID: 316810020}
  - 65: {fileID: 316810019}
  - 23: {fileID: 316810018}
  m_Layer: 0
  m_Name: Cube (2)
  m_TagString: Untagged
  m_Icon: {fileID: 0}
  m_NavMeshLayer: 0
  m_StaticEditorFlags: 0
  m_IsActive: 1
--- !u!4 &316810017
Transform:
  m_ObjectHideFlags: 0
  m_PrefabParentObject: {fileID: 0}
  m_PrefabInternal: {fileID: 0}
  m_GameObject: {fileID: 316810016}
  m_LocalRotation: {x: 0, y: .555251837, z: 0, w: .831682265}
  m_LocalPosition: {x: -.209999993, y: -.75999999, z: -8.11999989}
  m_LocalScale: {x: 5.74136448, y: 9.27961349, z: 5.11870861}
  m_Children: []
  m_Father: {fileID: 1742959978}
  m_RootOrder: 0
--- !u!23 &316810018
MeshRenderer:
  m_ObjectHideFlags: 0
  m_PrefabParentObject: {fileID: 0}
  m_PrefabInternal: {fileID: 0}
  m_GameObject: {fileID: 316810016}
  m_Enabled: 0
  m_CastShadows: 1
  m_ReceiveShadows: 1
  m_Materials:
  - {fileID: 10303, guid: 0000000000000000f000000000000000, type: 0}
  m_SubsetIndices: 
  m_StaticBatchRoot: {fileID: 0}
  m_UseLightProbes: 1
  m_ReflectionProbeUsage: 1
  m_ProbeAnchor: {fileID: 0}
  m_ScaleInLightmap: 1
  m_PreserveUVs: 1
  m_IgnoreNormalsForChartDetection: 0
  m_ImportantGI: 0
  m_MinimumChartSize: 4
  m_AutoUVMaxDistance: .5
  m_AutoUVMaxAngle: 89
  m_LightmapParameters: {fileID: 0}
  m_SortingLayerID: 0
  m_SortingOrder: 0
--- !u!65 &316810019
BoxCollider:
  m_ObjectHideFlags: 0
  m_PrefabParentObject: {fileID: 0}
  m_PrefabInternal: {fileID: 0}
  m_GameObject: {fileID: 316810016}
  m_Material: {fileID: 0}
  m_IsTrigger: 0
  m_Enabled: 1
  serializedVersion: 2
  m_Size: {x: 1, y: 1, z: 1}
  m_Center: {x: 0, y: 0, z: 0}
--- !u!33 &316810020
MeshFilter:
  m_ObjectHideFlags: 0
  m_PrefabParentObject: {fileID: 0}
  m_PrefabInternal: {fileID: 0}
  m_GameObject: {fileID: 316810016}
  m_Mesh: {fileID: 10202, guid: 0000000000000000e000000000000000, type: 0}
--- !u!1001 &332830093
Prefab:
  m_ObjectHideFlags: 0
  serializedVersion: 2
  m_Modification:
    m_TransformParent: {fileID: 1439262273}
    m_Modifications:
    - target: {fileID: 400054, guid: 16067d028f092e04a8e686c7c8376e70, type: 3}
      propertyPath: m_LocalPosition.x
      value: 25.6499996
      objectReference: {fileID: 0}
    - target: {fileID: 400054, guid: 16067d028f092e04a8e686c7c8376e70, type: 3}
      propertyPath: m_LocalPosition.y
      value: 92.7182922
      objectReference: {fileID: 0}
    - target: {fileID: 400054, guid: 16067d028f092e04a8e686c7c8376e70, type: 3}
      propertyPath: m_LocalPosition.z
      value: -120.519997
      objectReference: {fileID: 0}
    - target: {fileID: 400054, guid: 16067d028f092e04a8e686c7c8376e70, type: 3}
      propertyPath: m_LocalRotation.x
      value: 0
      objectReference: {fileID: 0}
    - target: {fileID: 400054, guid: 16067d028f092e04a8e686c7c8376e70, type: 3}
      propertyPath: m_LocalRotation.y
      value: 0
      objectReference: {fileID: 0}
    - target: {fileID: 400054, guid: 16067d028f092e04a8e686c7c8376e70, type: 3}
      propertyPath: m_LocalRotation.z
      value: 0
      objectReference: {fileID: 0}
    - target: {fileID: 400054, guid: 16067d028f092e04a8e686c7c8376e70, type: 3}
      propertyPath: m_LocalRotation.w
      value: 1
      objectReference: {fileID: 0}
    - target: {fileID: 400054, guid: 16067d028f092e04a8e686c7c8376e70, type: 3}
      propertyPath: m_RootOrder
      value: 0
      objectReference: {fileID: 0}
    - target: {fileID: 100054, guid: 16067d028f092e04a8e686c7c8376e70, type: 3}
      propertyPath: m_Name
      value: tree3 (6)
      objectReference: {fileID: 0}
    m_RemovedComponents: []
  m_ParentPrefab: {fileID: 100100000, guid: 16067d028f092e04a8e686c7c8376e70, type: 3}
  m_IsPrefabParent: 0
--- !u!4 &332830094 stripped
Transform:
  m_PrefabParentObject: {fileID: 400054, guid: 16067d028f092e04a8e686c7c8376e70, type: 3}
  m_PrefabInternal: {fileID: 332830093}
--- !u!1001 &349717274
Prefab:
  m_ObjectHideFlags: 0
  serializedVersion: 2
  m_Modification:
    m_TransformParent: {fileID: 744033518}
    m_Modifications:
    - target: {fileID: 400022, guid: 2bcff49477bd70d47a2d463d71a61707, type: 3}
      propertyPath: m_LocalPosition.x
      value: -15.9037876
      objectReference: {fileID: 0}
    - target: {fileID: 400022, guid: 2bcff49477bd70d47a2d463d71a61707, type: 3}
      propertyPath: m_LocalPosition.y
      value: -13.6408691
      objectReference: {fileID: 0}
    - target: {fileID: 400022, guid: 2bcff49477bd70d47a2d463d71a61707, type: 3}
      propertyPath: m_LocalPosition.z
      value: -1.29999995
      objectReference: {fileID: 0}
    - target: {fileID: 400022, guid: 2bcff49477bd70d47a2d463d71a61707, type: 3}
      propertyPath: m_LocalRotation.x
      value: 0
      objectReference: {fileID: 0}
    - target: {fileID: 400022, guid: 2bcff49477bd70d47a2d463d71a61707, type: 3}
      propertyPath: m_LocalRotation.y
      value: 0
      objectReference: {fileID: 0}
    - target: {fileID: 400022, guid: 2bcff49477bd70d47a2d463d71a61707, type: 3}
      propertyPath: m_LocalRotation.z
      value: 0
      objectReference: {fileID: 0}
    - target: {fileID: 400022, guid: 2bcff49477bd70d47a2d463d71a61707, type: 3}
      propertyPath: m_LocalRotation.w
      value: 1
      objectReference: {fileID: 0}
    - target: {fileID: 400022, guid: 2bcff49477bd70d47a2d463d71a61707, type: 3}
      propertyPath: m_RootOrder
      value: 11
      objectReference: {fileID: 0}
    - target: {fileID: 100022, guid: 2bcff49477bd70d47a2d463d71a61707, type: 3}
      propertyPath: m_Name
      value: tree2 (11)
      objectReference: {fileID: 0}
    m_RemovedComponents: []
  m_ParentPrefab: {fileID: 100100000, guid: 2bcff49477bd70d47a2d463d71a61707, type: 3}
  m_IsPrefabParent: 0
--- !u!4 &349717275 stripped
Transform:
  m_PrefabParentObject: {fileID: 400022, guid: 2bcff49477bd70d47a2d463d71a61707, type: 3}
  m_PrefabInternal: {fileID: 349717274}
--- !u!1001 &425564684
Prefab:
  m_ObjectHideFlags: 0
  serializedVersion: 2
  m_Modification:
    m_TransformParent: {fileID: 1439262273}
    m_Modifications:
    - target: {fileID: 400054, guid: 16067d028f092e04a8e686c7c8376e70, type: 3}
      propertyPath: m_LocalPosition.x
      value: 48.4799995
      objectReference: {fileID: 0}
    - target: {fileID: 400054, guid: 16067d028f092e04a8e686c7c8376e70, type: 3}
      propertyPath: m_LocalPosition.y
      value: 92.7182922
      objectReference: {fileID: 0}
    - target: {fileID: 400054, guid: 16067d028f092e04a8e686c7c8376e70, type: 3}
      propertyPath: m_LocalPosition.z
      value: -102.620003
      objectReference: {fileID: 0}
    - target: {fileID: 400054, guid: 16067d028f092e04a8e686c7c8376e70, type: 3}
      propertyPath: m_LocalRotation.x
      value: 0
      objectReference: {fileID: 0}
    - target: {fileID: 400054, guid: 16067d028f092e04a8e686c7c8376e70, type: 3}
      propertyPath: m_LocalRotation.y
      value: 0
      objectReference: {fileID: 0}
    - target: {fileID: 400054, guid: 16067d028f092e04a8e686c7c8376e70, type: 3}
      propertyPath: m_LocalRotation.z
      value: 0
      objectReference: {fileID: 0}
    - target: {fileID: 400054, guid: 16067d028f092e04a8e686c7c8376e70, type: 3}
      propertyPath: m_LocalRotation.w
      value: 1
      objectReference: {fileID: 0}
    - target: {fileID: 400054, guid: 16067d028f092e04a8e686c7c8376e70, type: 3}
      propertyPath: m_RootOrder
      value: 5
      objectReference: {fileID: 0}
    m_RemovedComponents: []
  m_ParentPrefab: {fileID: 100100000, guid: 16067d028f092e04a8e686c7c8376e70, type: 3}
  m_IsPrefabParent: 0
--- !u!4 &425564685 stripped
Transform:
  m_PrefabParentObject: {fileID: 400054, guid: 16067d028f092e04a8e686c7c8376e70, type: 3}
  m_PrefabInternal: {fileID: 425564684}
--- !u!1001 &509804593
Prefab:
  m_ObjectHideFlags: 0
  serializedVersion: 2
  m_Modification:
    m_TransformParent: {fileID: 744033518}
    m_Modifications:
    - target: {fileID: 400022, guid: 2bcff49477bd70d47a2d463d71a61707, type: 3}
      propertyPath: m_LocalPosition.x
      value: -15.9037876
      objectReference: {fileID: 0}
    - target: {fileID: 400022, guid: 2bcff49477bd70d47a2d463d71a61707, type: 3}
      propertyPath: m_LocalPosition.y
      value: -13.6408691
      objectReference: {fileID: 0}
    - target: {fileID: 400022, guid: 2bcff49477bd70d47a2d463d71a61707, type: 3}
      propertyPath: m_LocalPosition.z
      value: 31.516922
      objectReference: {fileID: 0}
    - target: {fileID: 400022, guid: 2bcff49477bd70d47a2d463d71a61707, type: 3}
      propertyPath: m_LocalRotation.x
      value: 0
      objectReference: {fileID: 0}
    - target: {fileID: 400022, guid: 2bcff49477bd70d47a2d463d71a61707, type: 3}
      propertyPath: m_LocalRotation.y
      value: 0
      objectReference: {fileID: 0}
    - target: {fileID: 400022, guid: 2bcff49477bd70d47a2d463d71a61707, type: 3}
      propertyPath: m_LocalRotation.z
      value: 0
      objectReference: {fileID: 0}
    - target: {fileID: 400022, guid: 2bcff49477bd70d47a2d463d71a61707, type: 3}
      propertyPath: m_LocalRotation.w
      value: 1
      objectReference: {fileID: 0}
    - target: {fileID: 400022, guid: 2bcff49477bd70d47a2d463d71a61707, type: 3}
      propertyPath: m_RootOrder
      value: 0
      objectReference: {fileID: 0}
    m_RemovedComponents: []
  m_ParentPrefab: {fileID: 100100000, guid: 2bcff49477bd70d47a2d463d71a61707, type: 3}
  m_IsPrefabParent: 0
--- !u!4 &509804594 stripped
Transform:
  m_PrefabParentObject: {fileID: 400022, guid: 2bcff49477bd70d47a2d463d71a61707, type: 3}
  m_PrefabInternal: {fileID: 509804593}
--- !u!1001 &536305998
Prefab:
  m_ObjectHideFlags: 0
  serializedVersion: 2
  m_Modification:
    m_TransformParent: {fileID: 744033518}
    m_Modifications:
    - target: {fileID: 400022, guid: 2bcff49477bd70d47a2d463d71a61707, type: 3}
      propertyPath: m_LocalPosition.x
      value: -15.9037876
      objectReference: {fileID: 0}
    - target: {fileID: 400022, guid: 2bcff49477bd70d47a2d463d71a61707, type: 3}
      propertyPath: m_LocalPosition.y
      value: -13.6408691
      objectReference: {fileID: 0}
    - target: {fileID: 400022, guid: 2bcff49477bd70d47a2d463d71a61707, type: 3}
      propertyPath: m_LocalPosition.z
      value: -10.5
      objectReference: {fileID: 0}
    - target: {fileID: 400022, guid: 2bcff49477bd70d47a2d463d71a61707, type: 3}
      propertyPath: m_LocalRotation.x
      value: 0
      objectReference: {fileID: 0}
    - target: {fileID: 400022, guid: 2bcff49477bd70d47a2d463d71a61707, type: 3}
      propertyPath: m_LocalRotation.y
      value: 0
      objectReference: {fileID: 0}
    - target: {fileID: 400022, guid: 2bcff49477bd70d47a2d463d71a61707, type: 3}
      propertyPath: m_LocalRotation.z
      value: 0
      objectReference: {fileID: 0}
    - target: {fileID: 400022, guid: 2bcff49477bd70d47a2d463d71a61707, type: 3}
      propertyPath: m_LocalRotation.w
      value: 1
      objectReference: {fileID: 0}
    - target: {fileID: 400022, guid: 2bcff49477bd70d47a2d463d71a61707, type: 3}
      propertyPath: m_RootOrder
      value: 7
      objectReference: {fileID: 0}
    - target: {fileID: 100022, guid: 2bcff49477bd70d47a2d463d71a61707, type: 3}
      propertyPath: m_Name
      value: tree2 (7)
      objectReference: {fileID: 0}
    m_RemovedComponents: []
  m_ParentPrefab: {fileID: 100100000, guid: 2bcff49477bd70d47a2d463d71a61707, type: 3}
  m_IsPrefabParent: 0
--- !u!4 &536305999 stripped
Transform:
  m_PrefabParentObject: {fileID: 400022, guid: 2bcff49477bd70d47a2d463d71a61707, type: 3}
  m_PrefabInternal: {fileID: 536305998}
--- !u!1001 &541426120
Prefab:
  m_ObjectHideFlags: 0
  serializedVersion: 2
  m_Modification:
    m_TransformParent: {fileID: 744033518}
    m_Modifications:
    - target: {fileID: 400022, guid: 2bcff49477bd70d47a2d463d71a61707, type: 3}
      propertyPath: m_LocalPosition.x
      value: -15.9037876
      objectReference: {fileID: 0}
    - target: {fileID: 400022, guid: 2bcff49477bd70d47a2d463d71a61707, type: 3}
      propertyPath: m_LocalPosition.y
      value: -13.6408691
      objectReference: {fileID: 0}
    - target: {fileID: 400022, guid: 2bcff49477bd70d47a2d463d71a61707, type: 3}
      propertyPath: m_LocalPosition.z
      value: 27.1278305
      objectReference: {fileID: 0}
    - target: {fileID: 400022, guid: 2bcff49477bd70d47a2d463d71a61707, type: 3}
      propertyPath: m_LocalRotation.x
      value: 0
      objectReference: {fileID: 0}
    - target: {fileID: 400022, guid: 2bcff49477bd70d47a2d463d71a61707, type: 3}
      propertyPath: m_LocalRotation.y
      value: 0
      objectReference: {fileID: 0}
    - target: {fileID: 400022, guid: 2bcff49477bd70d47a2d463d71a61707, type: 3}
      propertyPath: m_LocalRotation.z
      value: 0
      objectReference: {fileID: 0}
    - target: {fileID: 400022, guid: 2bcff49477bd70d47a2d463d71a61707, type: 3}
      propertyPath: m_LocalRotation.w
      value: 1
      objectReference: {fileID: 0}
    - target: {fileID: 400022, guid: 2bcff49477bd70d47a2d463d71a61707, type: 3}
      propertyPath: m_RootOrder
      value: 1
      objectReference: {fileID: 0}
    - target: {fileID: 100022, guid: 2bcff49477bd70d47a2d463d71a61707, type: 3}
      propertyPath: m_Name
      value: tree2 (2)
      objectReference: {fileID: 0}
    m_RemovedComponents: []
  m_ParentPrefab: {fileID: 100100000, guid: 2bcff49477bd70d47a2d463d71a61707, type: 3}
  m_IsPrefabParent: 0
--- !u!4 &541426121 stripped
Transform:
  m_PrefabParentObject: {fileID: 400022, guid: 2bcff49477bd70d47a2d463d71a61707, type: 3}
  m_PrefabInternal: {fileID: 541426120}
--- !u!1001 &581237492
Prefab:
  m_ObjectHideFlags: 0
  serializedVersion: 2
  m_Modification:
    m_TransformParent: {fileID: 744033518}
    m_Modifications:
    - target: {fileID: 400022, guid: 2bcff49477bd70d47a2d463d71a61707, type: 3}
      propertyPath: m_LocalPosition.x
      value: -11.7394018
      objectReference: {fileID: 0}
    - target: {fileID: 400022, guid: 2bcff49477bd70d47a2d463d71a61707, type: 3}
      propertyPath: m_LocalPosition.y
      value: -13.6408691
      objectReference: {fileID: 0}
    - target: {fileID: 400022, guid: 2bcff49477bd70d47a2d463d71a61707, type: 3}
      propertyPath: m_LocalPosition.z
      value: -14.8900003
      objectReference: {fileID: 0}
    - target: {fileID: 400022, guid: 2bcff49477bd70d47a2d463d71a61707, type: 3}
      propertyPath: m_LocalRotation.x
      value: 0
      objectReference: {fileID: 0}
    - target: {fileID: 400022, guid: 2bcff49477bd70d47a2d463d71a61707, type: 3}
      propertyPath: m_LocalRotation.y
      value: 0
      objectReference: {fileID: 0}
    - target: {fileID: 400022, guid: 2bcff49477bd70d47a2d463d71a61707, type: 3}
      propertyPath: m_LocalRotation.z
      value: 0
      objectReference: {fileID: 0}
    - target: {fileID: 400022, guid: 2bcff49477bd70d47a2d463d71a61707, type: 3}
      propertyPath: m_LocalRotation.w
      value: 1
      objectReference: {fileID: 0}
    - target: {fileID: 400022, guid: 2bcff49477bd70d47a2d463d71a61707, type: 3}
      propertyPath: m_RootOrder
      value: 5
      objectReference: {fileID: 0}
    - target: {fileID: 100022, guid: 2bcff49477bd70d47a2d463d71a61707, type: 3}
      propertyPath: m_Name
      value: tree2 (5)
      objectReference: {fileID: 0}
    m_RemovedComponents: []
  m_ParentPrefab: {fileID: 100100000, guid: 2bcff49477bd70d47a2d463d71a61707, type: 3}
  m_IsPrefabParent: 0
--- !u!4 &581237493 stripped
Transform:
  m_PrefabParentObject: {fileID: 400022, guid: 2bcff49477bd70d47a2d463d71a61707, type: 3}
  m_PrefabInternal: {fileID: 581237492}
--- !u!1 &744033517
GameObject:
  m_ObjectHideFlags: 0
  m_PrefabParentObject: {fileID: 0}
  m_PrefabInternal: {fileID: 0}
  serializedVersion: 4
  m_Component:
  - 4: {fileID: 744033518}
  m_Layer: 0
  m_Name: Trees
  m_TagString: Untagged
  m_Icon: {fileID: 0}
  m_NavMeshLayer: 0
  m_StaticEditorFlags: 0
  m_IsActive: 1
--- !u!4 &744033518
Transform:
  m_ObjectHideFlags: 0
  m_PrefabParentObject: {fileID: 0}
  m_PrefabInternal: {fileID: 0}
  m_GameObject: {fileID: 744033517}
  m_LocalRotation: {x: 0, y: 0, z: 0, w: 1}
  m_LocalPosition: {x: 17.4494019, y: 17.6328125, z: 16.472168}
  m_LocalScale: {x: 1, y: 1, z: 1}
  m_Children:
  - {fileID: 509804594}
  - {fileID: 541426121}
  - {fileID: 809747795}
  - {fileID: 816069155}
  - {fileID: 1818853146}
  - {fileID: 581237493}
  - {fileID: 1737362207}
  - {fileID: 536305999}
  - {fileID: 832069285}
  - {fileID: 2018958012}
  - {fileID: 1002424858}
  - {fileID: 349717275}
  m_Father: {fileID: 0}
  m_RootOrder: 7
--- !u!1001 &809747794
Prefab:
  m_ObjectHideFlags: 0
  serializedVersion: 2
  m_Modification:
    m_TransformParent: {fileID: 744033518}
    m_Modifications:
    - target: {fileID: 400022, guid: 2bcff49477bd70d47a2d463d71a61707, type: 3}
      propertyPath: m_LocalPosition.x
      value: -11.7394018
      objectReference: {fileID: 0}
    - target: {fileID: 400022, guid: 2bcff49477bd70d47a2d463d71a61707, type: 3}
      propertyPath: m_LocalPosition.y
      value: -13.6408691
      objectReference: {fileID: 0}
    - target: {fileID: 400022, guid: 2bcff49477bd70d47a2d463d71a61707, type: 3}
      propertyPath: m_LocalPosition.z
      value: 27.1278305
      objectReference: {fileID: 0}
    - target: {fileID: 400022, guid: 2bcff49477bd70d47a2d463d71a61707, type: 3}
      propertyPath: m_LocalRotation.x
      value: 0
      objectReference: {fileID: 0}
    - target: {fileID: 400022, guid: 2bcff49477bd70d47a2d463d71a61707, type: 3}
      propertyPath: m_LocalRotation.y
      value: 0
      objectReference: {fileID: 0}
    - target: {fileID: 400022, guid: 2bcff49477bd70d47a2d463d71a61707, type: 3}
      propertyPath: m_LocalRotation.z
      value: 0
      objectReference: {fileID: 0}
    - target: {fileID: 400022, guid: 2bcff49477bd70d47a2d463d71a61707, type: 3}
      propertyPath: m_LocalRotation.w
      value: 1
      objectReference: {fileID: 0}
    - target: {fileID: 400022, guid: 2bcff49477bd70d47a2d463d71a61707, type: 3}
      propertyPath: m_RootOrder
      value: 2
      objectReference: {fileID: 0}
    - target: {fileID: 100022, guid: 2bcff49477bd70d47a2d463d71a61707, type: 3}
      propertyPath: m_Name
      value: tree2 (3)
      objectReference: {fileID: 0}
    m_RemovedComponents: []
  m_ParentPrefab: {fileID: 100100000, guid: 2bcff49477bd70d47a2d463d71a61707, type: 3}
  m_IsPrefabParent: 0
--- !u!4 &809747795 stripped
Transform:
  m_PrefabParentObject: {fileID: 400022, guid: 2bcff49477bd70d47a2d463d71a61707, type: 3}
  m_PrefabInternal: {fileID: 809747794}
--- !u!1001 &816069154
Prefab:
  m_ObjectHideFlags: 0
  serializedVersion: 2
  m_Modification:
    m_TransformParent: {fileID: 744033518}
    m_Modifications:
    - target: {fileID: 400022, guid: 2bcff49477bd70d47a2d463d71a61707, type: 3}
      propertyPath: m_LocalPosition.x
      value: -11.3894024
      objectReference: {fileID: 0}
    - target: {fileID: 400022, guid: 2bcff49477bd70d47a2d463d71a61707, type: 3}
      propertyPath: m_LocalPosition.y
      value: -13.6408691
      objectReference: {fileID: 0}
    - target: {fileID: 400022, guid: 2bcff49477bd70d47a2d463d71a61707, type: 3}
      propertyPath: m_LocalPosition.z
      value: 31.516922
      objectReference: {fileID: 0}
    - target: {fileID: 400022, guid: 2bcff49477bd70d47a2d463d71a61707, type: 3}
      propertyPath: m_LocalRotation.x
      value: 0
      objectReference: {fileID: 0}
    - target: {fileID: 400022, guid: 2bcff49477bd70d47a2d463d71a61707, type: 3}
      propertyPath: m_LocalRotation.y
      value: 0
      objectReference: {fileID: 0}
    - target: {fileID: 400022, guid: 2bcff49477bd70d47a2d463d71a61707, type: 3}
      propertyPath: m_LocalRotation.z
      value: 0
      objectReference: {fileID: 0}
    - target: {fileID: 400022, guid: 2bcff49477bd70d47a2d463d71a61707, type: 3}
      propertyPath: m_LocalRotation.w
      value: 1
      objectReference: {fileID: 0}
    - target: {fileID: 400022, guid: 2bcff49477bd70d47a2d463d71a61707, type: 3}
      propertyPath: m_RootOrder
      value: 3
      objectReference: {fileID: 0}
    - target: {fileID: 100022, guid: 2bcff49477bd70d47a2d463d71a61707, type: 3}
      propertyPath: m_Name
      value: tree2 (1)
      objectReference: {fileID: 0}
    m_RemovedComponents: []
  m_ParentPrefab: {fileID: 100100000, guid: 2bcff49477bd70d47a2d463d71a61707, type: 3}
  m_IsPrefabParent: 0
--- !u!4 &816069155 stripped
Transform:
  m_PrefabParentObject: {fileID: 400022, guid: 2bcff49477bd70d47a2d463d71a61707, type: 3}
  m_PrefabInternal: {fileID: 816069154}
--- !u!1001 &830746284
Prefab:
  m_ObjectHideFlags: 0
  serializedVersion: 2
  m_Modification:
    m_TransformParent: {fileID: 1439262273}
    m_Modifications:
    - target: {fileID: 400054, guid: 16067d028f092e04a8e686c7c8376e70, type: 3}
      propertyPath: m_LocalPosition.x
      value: 34.9199982
      objectReference: {fileID: 0}
    - target: {fileID: 400054, guid: 16067d028f092e04a8e686c7c8376e70, type: 3}
      propertyPath: m_LocalPosition.y
      value: 92.7182922
      objectReference: {fileID: 0}
    - target: {fileID: 400054, guid: 16067d028f092e04a8e686c7c8376e70, type: 3}
      propertyPath: m_LocalPosition.z
      value: -115.550003
      objectReference: {fileID: 0}
    - target: {fileID: 400054, guid: 16067d028f092e04a8e686c7c8376e70, type: 3}
      propertyPath: m_LocalRotation.x
      value: 0
      objectReference: {fileID: 0}
    - target: {fileID: 400054, guid: 16067d028f092e04a8e686c7c8376e70, type: 3}
      propertyPath: m_LocalRotation.y
      value: 0
      objectReference: {fileID: 0}
    - target: {fileID: 400054, guid: 16067d028f092e04a8e686c7c8376e70, type: 3}
      propertyPath: m_LocalRotation.z
      value: 0
      objectReference: {fileID: 0}
    - target: {fileID: 400054, guid: 16067d028f092e04a8e686c7c8376e70, type: 3}
      propertyPath: m_LocalRotation.w
      value: 1
      objectReference: {fileID: 0}
    - target: {fileID: 400054, guid: 16067d028f092e04a8e686c7c8376e70, type: 3}
      propertyPath: m_RootOrder
      value: 2
      objectReference: {fileID: 0}
    - target: {fileID: 100054, guid: 16067d028f092e04a8e686c7c8376e70, type: 3}
      propertyPath: m_Name
      value: tree3 (4)
      objectReference: {fileID: 0}
    m_RemovedComponents: []
  m_ParentPrefab: {fileID: 100100000, guid: 16067d028f092e04a8e686c7c8376e70, type: 3}
  m_IsPrefabParent: 0
--- !u!4 &830746285 stripped
Transform:
  m_PrefabParentObject: {fileID: 400054, guid: 16067d028f092e04a8e686c7c8376e70, type: 3}
  m_PrefabInternal: {fileID: 830746284}
--- !u!1001 &832069284
Prefab:
  m_ObjectHideFlags: 0
  serializedVersion: 2
  m_Modification:
    m_TransformParent: {fileID: 744033518}
    m_Modifications:
    - target: {fileID: 400022, guid: 2bcff49477bd70d47a2d463d71a61707, type: 3}
      propertyPath: m_LocalPosition.x
      value: -11.3894024
      objectReference: {fileID: 0}
    - target: {fileID: 400022, guid: 2bcff49477bd70d47a2d463d71a61707, type: 3}
      propertyPath: m_LocalPosition.y
      value: -13.6408691
      objectReference: {fileID: 0}
    - target: {fileID: 400022, guid: 2bcff49477bd70d47a2d463d71a61707, type: 3}
      propertyPath: m_LocalPosition.z
      value: -1.29999995
      objectReference: {fileID: 0}
    - target: {fileID: 400022, guid: 2bcff49477bd70d47a2d463d71a61707, type: 3}
      propertyPath: m_LocalRotation.x
      value: 0
      objectReference: {fileID: 0}
    - target: {fileID: 400022, guid: 2bcff49477bd70d47a2d463d71a61707, type: 3}
      propertyPath: m_LocalRotation.y
      value: 0
      objectReference: {fileID: 0}
    - target: {fileID: 400022, guid: 2bcff49477bd70d47a2d463d71a61707, type: 3}
      propertyPath: m_LocalRotation.z
      value: 0
      objectReference: {fileID: 0}
    - target: {fileID: 400022, guid: 2bcff49477bd70d47a2d463d71a61707, type: 3}
      propertyPath: m_LocalRotation.w
      value: 1
      objectReference: {fileID: 0}
    - target: {fileID: 400022, guid: 2bcff49477bd70d47a2d463d71a61707, type: 3}
      propertyPath: m_RootOrder
      value: 8
      objectReference: {fileID: 0}
    - target: {fileID: 100022, guid: 2bcff49477bd70d47a2d463d71a61707, type: 3}
      propertyPath: m_Name
      value: tree2 (8)
      objectReference: {fileID: 0}
    m_RemovedComponents: []
  m_ParentPrefab: {fileID: 100100000, guid: 2bcff49477bd70d47a2d463d71a61707, type: 3}
  m_IsPrefabParent: 0
--- !u!4 &832069285 stripped
Transform:
  m_PrefabParentObject: {fileID: 400022, guid: 2bcff49477bd70d47a2d463d71a61707, type: 3}
  m_PrefabInternal: {fileID: 832069284}
--- !u!1001 &935830126
Prefab:
  m_ObjectHideFlags: 0
  serializedVersion: 2
  m_Modification:
    m_TransformParent: {fileID: 0}
    m_Modifications:
    - target: {fileID: 467932, guid: 5c349f7918954004ab42289478c34b1a, type: 2}
      propertyPath: m_LocalPosition.x
      value: 30.1075077
      objectReference: {fileID: 0}
    - target: {fileID: 467932, guid: 5c349f7918954004ab42289478c34b1a, type: 2}
      propertyPath: m_LocalPosition.y
      value: 8.02000046
      objectReference: {fileID: 0}
    - target: {fileID: 467932, guid: 5c349f7918954004ab42289478c34b1a, type: 2}
      propertyPath: m_LocalPosition.z
      value: 21.6000004
      objectReference: {fileID: 0}
    - target: {fileID: 467932, guid: 5c349f7918954004ab42289478c34b1a, type: 2}
      propertyPath: m_LocalRotation.x
      value: -.701581597
      objectReference: {fileID: 0}
    - target: {fileID: 467932, guid: 5c349f7918954004ab42289478c34b1a, type: 2}
      propertyPath: m_LocalRotation.y
      value: -.0103954393
      objectReference: {fileID: 0}
    - target: {fileID: 467932, guid: 5c349f7918954004ab42289478c34b1a, type: 2}
      propertyPath: m_LocalRotation.z
      value: -.00598616526
      objectReference: {fileID: 0}
    - target: {fileID: 467932, guid: 5c349f7918954004ab42289478c34b1a, type: 2}
      propertyPath: m_LocalRotation.w
      value: .712488234
      objectReference: {fileID: 0}
    - target: {fileID: 467932, guid: 5c349f7918954004ab42289478c34b1a, type: 2}
      propertyPath: m_RootOrder
      value: 0
      objectReference: {fileID: 0}
    m_RemovedComponents: []
  m_ParentPrefab: {fileID: 100100000, guid: 5c349f7918954004ab42289478c34b1a, type: 2}
  m_IsPrefabParent: 0
--- !u!1 &956358841
GameObject:
  m_ObjectHideFlags: 0
  m_PrefabParentObject: {fileID: 0}
  m_PrefabInternal: {fileID: 0}
  serializedVersion: 4
  m_Component:
  - 4: {fileID: 956358842}
  - 33: {fileID: 956358845}
  - 65: {fileID: 956358844}
  - 23: {fileID: 956358843}
  m_Layer: 0
  m_Name: Cube (3)
  m_TagString: Untagged
  m_Icon: {fileID: 0}
  m_NavMeshLayer: 0
  m_StaticEditorFlags: 0
  m_IsActive: 1
--- !u!4 &956358842
Transform:
  m_ObjectHideFlags: 0
  m_PrefabParentObject: {fileID: 0}
  m_PrefabInternal: {fileID: 0}
  m_GameObject: {fileID: 956358841}
  m_LocalRotation: {x: 0, y: .707106829, z: 0, w: .707106709}
  m_LocalPosition: {x: 10.7863483, y: 0, z: 10.2498436}
  m_LocalScale: {x: 1, y: 14.0409908, z: 49.6625023}
  m_Children: []
  m_Father: {fileID: 2005637403}
  m_RootOrder: 1
--- !u!23 &956358843
MeshRenderer:
  m_ObjectHideFlags: 0
  m_PrefabParentObject: {fileID: 0}
  m_PrefabInternal: {fileID: 0}
  m_GameObject: {fileID: 956358841}
  m_Enabled: 0
  m_CastShadows: 1
  m_ReceiveShadows: 1
  m_Materials:
  - {fileID: 10303, guid: 0000000000000000f000000000000000, type: 0}
  m_SubsetIndices: 
  m_StaticBatchRoot: {fileID: 0}
  m_UseLightProbes: 1
  m_ReflectionProbeUsage: 1
  m_ProbeAnchor: {fileID: 0}
  m_ScaleInLightmap: 1
  m_PreserveUVs: 1
  m_IgnoreNormalsForChartDetection: 0
  m_ImportantGI: 0
  m_MinimumChartSize: 4
  m_AutoUVMaxDistance: .5
  m_AutoUVMaxAngle: 89
  m_LightmapParameters: {fileID: 0}
  m_SortingLayerID: 0
  m_SortingOrder: 0
--- !u!65 &956358844
BoxCollider:
  m_ObjectHideFlags: 0
  m_PrefabParentObject: {fileID: 0}
  m_PrefabInternal: {fileID: 0}
  m_GameObject: {fileID: 956358841}
  m_Material: {fileID: 0}
  m_IsTrigger: 0
  m_Enabled: 1
  serializedVersion: 2
  m_Size: {x: 1, y: 1, z: 1}
  m_Center: {x: 0, y: 0, z: 0}
--- !u!33 &956358845
MeshFilter:
  m_ObjectHideFlags: 0
  m_PrefabParentObject: {fileID: 0}
  m_PrefabInternal: {fileID: 0}
  m_GameObject: {fileID: 956358841}
  m_Mesh: {fileID: 10202, guid: 0000000000000000e000000000000000, type: 0}
--- !u!1 &965357122
GameObject:
  m_ObjectHideFlags: 0
  m_PrefabParentObject: {fileID: 0}
  m_PrefabInternal: {fileID: 0}
  serializedVersion: 4
  m_Component:
  - 4: {fileID: 965357123}
  - 33: {fileID: 965357126}
  - 65: {fileID: 965357125}
  - 23: {fileID: 965357124}
  m_Layer: 0
  m_Name: Cube
  m_TagString: Untagged
  m_Icon: {fileID: 0}
  m_NavMeshLayer: 0
  m_StaticEditorFlags: 0
  m_IsActive: 1
--- !u!4 &965357123
Transform:
  m_ObjectHideFlags: 0
  m_PrefabParentObject: {fileID: 0}
  m_PrefabInternal: {fileID: 0}
  m_GameObject: {fileID: 965357122}
  m_LocalRotation: {x: 0, y: 0, z: 0, w: 1}
  m_LocalPosition: {x: -9.22000027, y: -1.62273455, z: 5.88984299}
  m_LocalScale: {x: 7.82098436, y: 6.87279224, z: 7.04281473}
  m_Children: []
  m_Father: {fileID: 1742959978}
  m_RootOrder: 2
--- !u!23 &965357124
MeshRenderer:
  m_ObjectHideFlags: 0
  m_PrefabParentObject: {fileID: 0}
  m_PrefabInternal: {fileID: 0}
  m_GameObject: {fileID: 965357122}
  m_Enabled: 0
  m_CastShadows: 1
  m_ReceiveShadows: 1
  m_Materials:
  - {fileID: 10303, guid: 0000000000000000f000000000000000, type: 0}
  m_SubsetIndices: 
  m_StaticBatchRoot: {fileID: 0}
  m_UseLightProbes: 1
  m_ReflectionProbeUsage: 1
  m_ProbeAnchor: {fileID: 0}
  m_ScaleInLightmap: 1
  m_PreserveUVs: 1
  m_IgnoreNormalsForChartDetection: 0
  m_ImportantGI: 0
  m_MinimumChartSize: 4
  m_AutoUVMaxDistance: .5
  m_AutoUVMaxAngle: 89
  m_LightmapParameters: {fileID: 0}
  m_SortingLayerID: 0
  m_SortingOrder: 0
--- !u!65 &965357125
BoxCollider:
  m_ObjectHideFlags: 0
  m_PrefabParentObject: {fileID: 0}
  m_PrefabInternal: {fileID: 0}
  m_GameObject: {fileID: 965357122}
  m_Material: {fileID: 0}
  m_IsTrigger: 0
  m_Enabled: 1
  serializedVersion: 2
  m_Size: {x: 1, y: 1, z: 1}
  m_Center: {x: 0, y: 0, z: 0}
--- !u!33 &965357126
MeshFilter:
  m_ObjectHideFlags: 0
  m_PrefabParentObject: {fileID: 0}
  m_PrefabInternal: {fileID: 0}
  m_GameObject: {fileID: 965357122}
  m_Mesh: {fileID: 10202, guid: 0000000000000000e000000000000000, type: 0}
--- !u!1001 &1002424857
Prefab:
  m_ObjectHideFlags: 0
  serializedVersion: 2
  m_Modification:
    m_TransformParent: {fileID: 744033518}
    m_Modifications:
    - target: {fileID: 400022, guid: 2bcff49477bd70d47a2d463d71a61707, type: 3}
      propertyPath: m_LocalPosition.x
      value: -15.9037876
      objectReference: {fileID: 0}
    - target: {fileID: 400022, guid: 2bcff49477bd70d47a2d463d71a61707, type: 3}
      propertyPath: m_LocalPosition.y
      value: -13.6408691
      objectReference: {fileID: 0}
    - target: {fileID: 400022, guid: 2bcff49477bd70d47a2d463d71a61707, type: 3}
      propertyPath: m_LocalPosition.z
      value: -5.69000006
      objectReference: {fileID: 0}
    - target: {fileID: 400022, guid: 2bcff49477bd70d47a2d463d71a61707, type: 3}
      propertyPath: m_LocalRotation.x
      value: 0
      objectReference: {fileID: 0}
    - target: {fileID: 400022, guid: 2bcff49477bd70d47a2d463d71a61707, type: 3}
      propertyPath: m_LocalRotation.y
      value: 0
      objectReference: {fileID: 0}
    - target: {fileID: 400022, guid: 2bcff49477bd70d47a2d463d71a61707, type: 3}
      propertyPath: m_LocalRotation.z
      value: 0
      objectReference: {fileID: 0}
    - target: {fileID: 400022, guid: 2bcff49477bd70d47a2d463d71a61707, type: 3}
      propertyPath: m_LocalRotation.w
      value: 1
      objectReference: {fileID: 0}
    - target: {fileID: 400022, guid: 2bcff49477bd70d47a2d463d71a61707, type: 3}
      propertyPath: m_RootOrder
      value: 10
      objectReference: {fileID: 0}
    - target: {fileID: 100022, guid: 2bcff49477bd70d47a2d463d71a61707, type: 3}
      propertyPath: m_Name
      value: tree2 (10)
      objectReference: {fileID: 0}
    m_RemovedComponents: []
  m_ParentPrefab: {fileID: 100100000, guid: 2bcff49477bd70d47a2d463d71a61707, type: 3}
  m_IsPrefabParent: 0
--- !u!4 &1002424858 stripped
Transform:
  m_PrefabParentObject: {fileID: 400022, guid: 2bcff49477bd70d47a2d463d71a61707, type: 3}
  m_PrefabInternal: {fileID: 1002424857}
--- !u!1 &1112134109
GameObject:
  m_ObjectHideFlags: 0
  m_PrefabParentObject: {fileID: 0}
  m_PrefabInternal: {fileID: 0}
  serializedVersion: 4
  m_Component:
  - 4: {fileID: 1112134111}
  - 20: {fileID: 1112134110}
  - 45: {fileID: 1112134112}
  m_Layer: 0
  m_Name: Water4AdvancedReflectionSceneCamera
  m_TagString: Untagged
  m_Icon: {fileID: 0}
  m_NavMeshLayer: 0
  m_StaticEditorFlags: 0
  m_IsActive: 1
--- !u!20 &1112134110
Camera:
  m_ObjectHideFlags: 0
  m_PrefabParentObject: {fileID: 0}
  m_PrefabInternal: {fileID: 0}
  m_GameObject: {fileID: 1112134109}
  m_Enabled: 0
  serializedVersion: 2
  m_ClearFlags: 1
  m_BackGroundColor: {r: 1, g: 1, b: 1, a: 1}
  m_NormalizedViewPortRect:
    serializedVersion: 2
    x: 0
    y: 0
    width: 1
    height: 1
  near clip plane: .300000012
  far clip plane: 1000
  field of view: 60
  orthographic: 0
  orthographic size: 5
  m_Depth: 0
  m_CullingMask:
    serializedVersion: 2
    m_Bits: 4294967279
  m_RenderingPath: 1
  m_TargetTexture: {fileID: 0}
  m_TargetDisplay: 0
  m_TargetEye: 3
  m_HDR: 0
  m_OcclusionCulling: 1
  m_StereoConvergence: 10
  m_StereoSeparation: .0219999999
  m_StereoMirrorMode: 0
--- !u!4 &1112134111
Transform:
  m_ObjectHideFlags: 0
  m_PrefabParentObject: {fileID: 0}
  m_PrefabInternal: {fileID: 0}
  m_GameObject: {fileID: 1112134109}
  m_LocalRotation: {x: .503956676, y: -.0208197478, z: -.0117060775, w: -.863398671}
  m_LocalPosition: {x: 26.0169144, y: -82.5953827, z: -15.7696266}
  m_LocalScale: {x: 1, y: 1, z: 1}
  m_Children: []
  m_Father: {fileID: 0}
  m_RootOrder: 5
--- !u!45 &1112134112
Skybox:
  m_ObjectHideFlags: 0
  m_PrefabParentObject: {fileID: 0}
  m_PrefabInternal: {fileID: 0}
  m_GameObject: {fileID: 1112134109}
  m_Enabled: 1
  m_CustomSkybox: {fileID: 0}
--- !u!1 &1149454287
GameObject:
  m_ObjectHideFlags: 0
  m_PrefabParentObject: {fileID: 0}
  m_PrefabInternal: {fileID: 0}
  serializedVersion: 4
  m_Component:
  - 4: {fileID: 1149454288}
  - 33: {fileID: 1149454291}
  - 65: {fileID: 1149454290}
  - 23: {fileID: 1149454289}
  m_Layer: 0
  m_Name: Cube (2)
  m_TagString: Untagged
  m_Icon: {fileID: 0}
  m_NavMeshLayer: 0
  m_StaticEditorFlags: 0
  m_IsActive: 1
--- !u!4 &1149454288
Transform:
  m_ObjectHideFlags: 0
  m_PrefabParentObject: {fileID: 0}
  m_PrefabInternal: {fileID: 0}
  m_GameObject: {fileID: 1149454287}
  m_LocalRotation: {x: 0, y: .707106829, z: 0, w: .707106709}
  m_LocalPosition: {x: 10.7863483, y: 0, z: -40.4701576}
  m_LocalScale: {x: 1, y: 14.0409908, z: 49.6625023}
  m_Children: []
  m_Father: {fileID: 2005637403}
  m_RootOrder: 2
--- !u!23 &1149454289
MeshRenderer:
  m_ObjectHideFlags: 0
  m_PrefabParentObject: {fileID: 0}
  m_PrefabInternal: {fileID: 0}
  m_GameObject: {fileID: 1149454287}
  m_Enabled: 0
  m_CastShadows: 1
  m_ReceiveShadows: 1
  m_Materials:
  - {fileID: 10303, guid: 0000000000000000f000000000000000, type: 0}
  m_SubsetIndices: 
  m_StaticBatchRoot: {fileID: 0}
  m_UseLightProbes: 1
  m_ReflectionProbeUsage: 1
  m_ProbeAnchor: {fileID: 0}
  m_ScaleInLightmap: 1
  m_PreserveUVs: 1
  m_IgnoreNormalsForChartDetection: 0
  m_ImportantGI: 0
  m_MinimumChartSize: 4
  m_AutoUVMaxDistance: .5
  m_AutoUVMaxAngle: 89
  m_LightmapParameters: {fileID: 0}
  m_SortingLayerID: 0
  m_SortingOrder: 0
--- !u!65 &1149454290
BoxCollider:
  m_ObjectHideFlags: 0
  m_PrefabParentObject: {fileID: 0}
  m_PrefabInternal: {fileID: 0}
  m_GameObject: {fileID: 1149454287}
  m_Material: {fileID: 0}
  m_IsTrigger: 0
  m_Enabled: 1
  serializedVersion: 2
  m_Size: {x: 1, y: 1, z: 1}
  m_Center: {x: 0, y: 0, z: 0}
--- !u!33 &1149454291
MeshFilter:
  m_ObjectHideFlags: 0
  m_PrefabParentObject: {fileID: 0}
  m_PrefabInternal: {fileID: 0}
  m_GameObject: {fileID: 1149454287}
  m_Mesh: {fileID: 10202, guid: 0000000000000000e000000000000000, type: 0}
--- !u!1 &1152201713
GameObject:
  m_ObjectHideFlags: 0
  m_PrefabParentObject: {fileID: 0}
  m_PrefabInternal: {fileID: 0}
  serializedVersion: 4
  m_Component:
  - 4: {fileID: 1152201716}
  - 218: {fileID: 1152201715}
  - 154: {fileID: 1152201714}
  - 95: {fileID: 1152201717}
  m_Layer: 0
  m_Name: Terrain
  m_TagString: Untagged
  m_Icon: {fileID: 0}
  m_NavMeshLayer: 0
  m_StaticEditorFlags: 4294967295
  m_IsActive: 1
--- !u!154 &1152201714
TerrainCollider:
  m_ObjectHideFlags: 0
  m_PrefabParentObject: {fileID: 0}
  m_PrefabInternal: {fileID: 0}
  m_GameObject: {fileID: 1152201713}
  m_Material: {fileID: 0}
  m_Enabled: 1
  m_TerrainData: {fileID: 15600000, guid: 77d9d5d3d73f65748bdbca3ed72460e1, type: 2}
  m_EnableTreeColliders: 1
--- !u!218 &1152201715
Terrain:
  m_ObjectHideFlags: 0
  m_PrefabParentObject: {fileID: 0}
  m_PrefabInternal: {fileID: 0}
  m_GameObject: {fileID: 1152201713}
  m_Enabled: 1
  serializedVersion: 3
  m_TerrainData: {fileID: 15600000, guid: 77d9d5d3d73f65748bdbca3ed72460e1, type: 2}
  m_TreeDistance: 2000
  m_TreeBillboardDistance: 50
  m_TreeCrossFadeLength: 5
  m_TreeMaximumFullLODCount: 50
  m_DetailObjectDistance: 80
  m_DetailObjectDensity: 1
  m_HeightmapPixelError: 5
  m_SplatMapDistance: 1000
  m_HeightmapMaximumLOD: 0
  m_CastShadows: 1
  m_DrawHeightmap: 1
  m_DrawTreesAndFoliage: 1
  m_ReflectionProbeUsage: 1
  m_MaterialType: 0
  m_LegacySpecular:
    serializedVersion: 2
    rgba: 4286545791
  m_LegacyShininess: .078125
  m_MaterialTemplate: {fileID: 0}
  m_BakeLightProbesForTrees: 1
  m_ScaleInLightmap: .512000024
  m_LightmapParameters: {fileID: 15203, guid: 0000000000000000f000000000000000, type: 0}
--- !u!4 &1152201716
Transform:
  m_ObjectHideFlags: 0
  m_PrefabParentObject: {fileID: 0}
  m_PrefabInternal: {fileID: 0}
  m_GameObject: {fileID: 1152201713}
  m_LocalRotation: {x: 0, y: 0, z: 0, w: 1}
  m_LocalPosition: {x: 0, y: 0, z: 0}
  m_LocalScale: {x: 1, y: 1, z: 1}
  m_Children: []
  m_Father: {fileID: 0}
  m_RootOrder: 4
--- !u!95 &1152201717
Animator:
  serializedVersion: 3
  m_ObjectHideFlags: 0
  m_PrefabParentObject: {fileID: 0}
  m_PrefabInternal: {fileID: 0}
  m_GameObject: {fileID: 1152201713}
  m_Enabled: 1
  m_Avatar: {fileID: 0}
  m_Controller: {fileID: 9100000, guid: 3dbd6ac401dce77438a09b2963e84775, type: 2}
  m_CullingMode: 0
  m_UpdateMode: 0
  m_ApplyRootMotion: 0
  m_LinearVelocityBlending: 0
  m_WarningMessage: 
  m_HasTransformHierarchy: 1
  m_AllowConstantClipSamplingOptimization: 1
--- !u!1001 &1176030170
Prefab:
  m_ObjectHideFlags: 0
  serializedVersion: 2
  m_Modification:
    m_TransformParent: {fileID: 1477421312}
    m_Modifications:
    - target: {fileID: 400000, guid: f0ff542acd00aa14f969892b17653a55, type: 3}
      propertyPath: m_LocalPosition.x
      value: -.131999969
      objectReference: {fileID: 0}
    - target: {fileID: 400000, guid: f0ff542acd00aa14f969892b17653a55, type: 3}
      propertyPath: m_LocalPosition.y
      value: .768001556
      objectReference: {fileID: 0}
    - target: {fileID: 400000, guid: f0ff542acd00aa14f969892b17653a55, type: 3}
      propertyPath: m_LocalPosition.z
      value: -.160995483
      objectReference: {fileID: 0}
    - target: {fileID: 400000, guid: f0ff542acd00aa14f969892b17653a55, type: 3}
      propertyPath: m_LocalRotation.x
      value: -.5
      objectReference: {fileID: 0}
    - target: {fileID: 400000, guid: f0ff542acd00aa14f969892b17653a55, type: 3}
      propertyPath: m_LocalRotation.y
      value: -.5
      objectReference: {fileID: 0}
    - target: {fileID: 400000, guid: f0ff542acd00aa14f969892b17653a55, type: 3}
      propertyPath: m_LocalRotation.z
      value: -.500000119
      objectReference: {fileID: 0}
    - target: {fileID: 400000, guid: f0ff542acd00aa14f969892b17653a55, type: 3}
      propertyPath: m_LocalRotation.w
      value: .49999994
      objectReference: {fileID: 0}
    - target: {fileID: 400000, guid: f0ff542acd00aa14f969892b17653a55, type: 3}
      propertyPath: m_RootOrder
      value: 1
      objectReference: {fileID: 0}
    - target: {fileID: 400000, guid: f0ff542acd00aa14f969892b17653a55, type: 3}
      propertyPath: m_LocalScale.x
      value: 2
      objectReference: {fileID: 0}
    - target: {fileID: 400000, guid: f0ff542acd00aa14f969892b17653a55, type: 3}
      propertyPath: m_LocalScale.y
      value: 2
      objectReference: {fileID: 0}
    - target: {fileID: 400000, guid: f0ff542acd00aa14f969892b17653a55, type: 3}
      propertyPath: m_LocalScale.z
      value: 2
      objectReference: {fileID: 0}
    m_RemovedComponents: []
  m_ParentPrefab: {fileID: 100100000, guid: f0ff542acd00aa14f969892b17653a55, type: 3}
  m_IsPrefabParent: 0
--- !u!4 &1176030171 stripped
Transform:
  m_PrefabParentObject: {fileID: 400000, guid: f0ff542acd00aa14f969892b17653a55, type: 3}
  m_PrefabInternal: {fileID: 1176030170}
--- !u!1001 &1246835268
Prefab:
  m_ObjectHideFlags: 0
  serializedVersion: 2
  m_Modification:
    m_TransformParent: {fileID: 1477421312}
    m_Modifications:
    - target: {fileID: 400000, guid: 008ff18a38da9644688b90ed0d72b2b5, type: 3}
      propertyPath: m_LocalPosition.x
      value: -1.2750001
      objectReference: {fileID: 0}
    - target: {fileID: 400000, guid: 008ff18a38da9644688b90ed0d72b2b5, type: 3}
      propertyPath: m_LocalPosition.y
      value: -3.04199886
      objectReference: {fileID: 0}
    - target: {fileID: 400000, guid: 008ff18a38da9644688b90ed0d72b2b5, type: 3}
      propertyPath: m_LocalPosition.z
      value: -.160995483
      objectReference: {fileID: 0}
    - target: {fileID: 400000, guid: 008ff18a38da9644688b90ed0d72b2b5, type: 3}
      propertyPath: m_LocalRotation.x
      value: -.707106829
      objectReference: {fileID: 0}
    - target: {fileID: 400000, guid: 008ff18a38da9644688b90ed0d72b2b5, type: 3}
      propertyPath: m_LocalRotation.y
      value: 0
      objectReference: {fileID: 0}
    - target: {fileID: 400000, guid: 008ff18a38da9644688b90ed0d72b2b5, type: 3}
      propertyPath: m_LocalRotation.z
      value: -0
      objectReference: {fileID: 0}
    - target: {fileID: 400000, guid: 008ff18a38da9644688b90ed0d72b2b5, type: 3}
      propertyPath: m_LocalRotation.w
      value: .707106829
      objectReference: {fileID: 0}
    - target: {fileID: 400000, guid: 008ff18a38da9644688b90ed0d72b2b5, type: 3}
      propertyPath: m_RootOrder
      value: 0
      objectReference: {fileID: 0}
    - target: {fileID: 400000, guid: 008ff18a38da9644688b90ed0d72b2b5, type: 3}
      propertyPath: m_LocalScale.x
      value: 2
      objectReference: {fileID: 0}
    - target: {fileID: 400000, guid: 008ff18a38da9644688b90ed0d72b2b5, type: 3}
      propertyPath: m_LocalScale.y
      value: 2
      objectReference: {fileID: 0}
    - target: {fileID: 400000, guid: 008ff18a38da9644688b90ed0d72b2b5, type: 3}
      propertyPath: m_LocalScale.z
      value: 5
      objectReference: {fileID: 0}
    - target: {fileID: 100000, guid: 008ff18a38da9644688b90ed0d72b2b5, type: 3}
      propertyPath: m_Name
      value: woodBar (1)
      objectReference: {fileID: 0}
    m_RemovedComponents: []
  m_ParentPrefab: {fileID: 100100000, guid: 008ff18a38da9644688b90ed0d72b2b5, type: 3}
  m_IsPrefabParent: 0
--- !u!4 &1246835269 stripped
Transform:
  m_PrefabParentObject: {fileID: 400000, guid: 008ff18a38da9644688b90ed0d72b2b5, type: 3}
  m_PrefabInternal: {fileID: 1246835268}
--- !u!1 &1253895069
GameObject:
  m_ObjectHideFlags: 0
  m_PrefabParentObject: {fileID: 0}
  m_PrefabInternal: {fileID: 0}
  serializedVersion: 4
  m_Component:
  - 4: {fileID: 1253895070}
  - 33: {fileID: 1253895073}
  - 65: {fileID: 1253895072}
  - 23: {fileID: 1253895071}
  m_Layer: 0
  m_Name: Cube (3)
  m_TagString: Untagged
  m_Icon: {fileID: 0}
  m_NavMeshLayer: 0
  m_StaticEditorFlags: 0
  m_IsActive: 1
--- !u!4 &1253895070
Transform:
  m_ObjectHideFlags: 0
  m_PrefabParentObject: {fileID: 0}
  m_PrefabInternal: {fileID: 0}
  m_GameObject: {fileID: 1253895069}
  m_LocalRotation: {x: 0, y: .713517427, z: 0, w: .70063746}
  m_LocalPosition: {x: -8.52000046, y: -.75999999, z: -11.54}
  m_LocalScale: {x: 5.74136448, y: 9.27961349, z: 5.11870861}
  m_Children: []
  m_Father: {fileID: 1742959978}
  m_RootOrder: 3
--- !u!23 &1253895071
MeshRenderer:
  m_ObjectHideFlags: 0
  m_PrefabParentObject: {fileID: 0}
  m_PrefabInternal: {fileID: 0}
  m_GameObject: {fileID: 1253895069}
  m_Enabled: 0
  m_CastShadows: 1
  m_ReceiveShadows: 1
  m_Materials:
  - {fileID: 10303, guid: 0000000000000000f000000000000000, type: 0}
  m_SubsetIndices: 
  m_StaticBatchRoot: {fileID: 0}
  m_UseLightProbes: 1
  m_ReflectionProbeUsage: 1
  m_ProbeAnchor: {fileID: 0}
  m_ScaleInLightmap: 1
  m_PreserveUVs: 1
  m_IgnoreNormalsForChartDetection: 0
  m_ImportantGI: 0
  m_MinimumChartSize: 4
  m_AutoUVMaxDistance: .5
  m_AutoUVMaxAngle: 89
  m_LightmapParameters: {fileID: 0}
  m_SortingLayerID: 0
  m_SortingOrder: 0
--- !u!65 &1253895072
BoxCollider:
  m_ObjectHideFlags: 0
  m_PrefabParentObject: {fileID: 0}
  m_PrefabInternal: {fileID: 0}
  m_GameObject: {fileID: 1253895069}
  m_Material: {fileID: 0}
  m_IsTrigger: 0
  m_Enabled: 1
  serializedVersion: 2
  m_Size: {x: 1, y: 1, z: 1}
  m_Center: {x: 0, y: 0, z: 0}
--- !u!33 &1253895073
MeshFilter:
  m_ObjectHideFlags: 0
  m_PrefabParentObject: {fileID: 0}
  m_PrefabInternal: {fileID: 0}
  m_GameObject: {fileID: 1253895069}
  m_Mesh: {fileID: 10202, guid: 0000000000000000e000000000000000, type: 0}
--- !u!1 &1257942795
GameObject:
  m_ObjectHideFlags: 0
  m_PrefabParentObject: {fileID: 0}
  m_PrefabInternal: {fileID: 0}
  serializedVersion: 4
  m_Component:
  - 4: {fileID: 1257942796}
  - 33: {fileID: 1257942799}
  - 65: {fileID: 1257942798}
  - 23: {fileID: 1257942797}
  m_Layer: 0
  m_Name: Cube (4)
  m_TagString: Untagged
  m_Icon: {fileID: 0}
  m_NavMeshLayer: 0
  m_StaticEditorFlags: 0
  m_IsActive: 1
--- !u!4 &1257942796
Transform:
  m_ObjectHideFlags: 0
  m_PrefabParentObject: {fileID: 0}
  m_PrefabInternal: {fileID: 0}
  m_GameObject: {fileID: 1257942795}
  m_LocalRotation: {x: 0, y: .197695419, z: 0, w: .980263531}
  m_LocalPosition: {x: 13.6000004, y: -.699999988, z: 5.63999987}
  m_LocalScale: {x: 5.741364, y: 9.27961349, z: 5.11870813}
  m_Children: []
  m_Father: {fileID: 1742959978}
  m_RootOrder: 4
--- !u!23 &1257942797
MeshRenderer:
  m_ObjectHideFlags: 0
  m_PrefabParentObject: {fileID: 0}
  m_PrefabInternal: {fileID: 0}
  m_GameObject: {fileID: 1257942795}
  m_Enabled: 0
  m_CastShadows: 1
  m_ReceiveShadows: 1
  m_Materials:
  - {fileID: 10303, guid: 0000000000000000f000000000000000, type: 0}
  m_SubsetIndices: 
  m_StaticBatchRoot: {fileID: 0}
  m_UseLightProbes: 1
  m_ReflectionProbeUsage: 1
  m_ProbeAnchor: {fileID: 0}
  m_ScaleInLightmap: 1
  m_PreserveUVs: 1
  m_IgnoreNormalsForChartDetection: 0
  m_ImportantGI: 0
  m_MinimumChartSize: 4
  m_AutoUVMaxDistance: .5
  m_AutoUVMaxAngle: 89
  m_LightmapParameters: {fileID: 0}
  m_SortingLayerID: 0
  m_SortingOrder: 0
--- !u!65 &1257942798
BoxCollider:
  m_ObjectHideFlags: 0
  m_PrefabParentObject: {fileID: 0}
  m_PrefabInternal: {fileID: 0}
  m_GameObject: {fileID: 1257942795}
  m_Material: {fileID: 0}
  m_IsTrigger: 0
  m_Enabled: 1
  serializedVersion: 2
  m_Size: {x: 1, y: 1, z: 1}
  m_Center: {x: 0, y: 0, z: 0}
--- !u!33 &1257942799
MeshFilter:
  m_ObjectHideFlags: 0
  m_PrefabParentObject: {fileID: 0}
  m_PrefabInternal: {fileID: 0}
  m_GameObject: {fileID: 1257942795}
  m_Mesh: {fileID: 10202, guid: 0000000000000000e000000000000000, type: 0}
--- !u!1 &1439262272
GameObject:
  m_ObjectHideFlags: 0
  m_PrefabParentObject: {fileID: 0}
  m_PrefabInternal: {fileID: 0}
  serializedVersion: 4
  m_Component:
  - 4: {fileID: 1439262273}
  m_Layer: 0
  m_Name: BigTrees
  m_TagString: Untagged
  m_Icon: {fileID: 0}
  m_NavMeshLayer: 0
  m_StaticEditorFlags: 0
  m_IsActive: 1
--- !u!4 &1439262273
Transform:
  m_ObjectHideFlags: 0
  m_PrefabParentObject: {fileID: 0}
  m_PrefabInternal: {fileID: 0}
  m_GameObject: {fileID: 1439262272}
  m_LocalRotation: {x: 0, y: 0, z: 0, w: 1}
  m_LocalPosition: {x: -20.6270809, y: -87.7263489, z: 148.216141}
  m_LocalScale: {x: 1, y: 1, z: 1}
  m_Children:
  - {fileID: 332830094}
  - {fileID: 830746285}
  - {fileID: 1834845030}
  - {fileID: 1622690051}
  - {fileID: 425564685}
  m_Father: {fileID: 0}
  m_RootOrder: 6
--- !u!1 &1477421311
GameObject:
  m_ObjectHideFlags: 0
  m_PrefabParentObject: {fileID: 0}
  m_PrefabInternal: {fileID: 0}
  serializedVersion: 4
  m_Component:
  - 4: {fileID: 1477421312}
  m_Layer: 0
  m_Name: forward
  m_TagString: Untagged
  m_Icon: {fileID: 0}
  m_NavMeshLayer: 0
  m_StaticEditorFlags: 0
  m_IsActive: 1
--- !u!4 &1477421312
Transform:
  m_ObjectHideFlags: 0
  m_PrefabParentObject: {fileID: 0}
  m_PrefabInternal: {fileID: 0}
  m_GameObject: {fileID: 1477421311}
  m_LocalRotation: {x: 0, y: -.299125105, z: 0, w: .954213977}
  m_LocalPosition: {x: 15.4799995, y: 6.88999987, z: 37.0400009}
  m_LocalScale: {x: 1, y: 1, z: 1}
  m_Children:
  - {fileID: 1246835269}
  - {fileID: 1176030171}
  - {fileID: 2079140251}
  m_Father: {fileID: 0}
  m_RootOrder: 10
--- !u!1 &1502537592
GameObject:
  m_ObjectHideFlags: 0
  m_PrefabParentObject: {fileID: 0}
  m_PrefabInternal: {fileID: 0}
  serializedVersion: 4
  m_Component:
  - 4: {fileID: 1502537597}
  - 20: {fileID: 1502537596}
  - 92: {fileID: 1502537595}
  - 124: {fileID: 1502537594}
  - 81: {fileID: 1502537593}
  m_Layer: 0
  m_Name: Main Camera
  m_TagString: MainCamera
  m_Icon: {fileID: 0}
  m_NavMeshLayer: 0
  m_StaticEditorFlags: 0
  m_IsActive: 1
--- !u!81 &1502537593
AudioListener:
  m_ObjectHideFlags: 0
  m_PrefabParentObject: {fileID: 0}
  m_PrefabInternal: {fileID: 0}
  m_GameObject: {fileID: 1502537592}
  m_Enabled: 1
--- !u!124 &1502537594
Behaviour:
  m_ObjectHideFlags: 0
  m_PrefabParentObject: {fileID: 0}
  m_PrefabInternal: {fileID: 0}
  m_GameObject: {fileID: 1502537592}
  m_Enabled: 1
--- !u!92 &1502537595
Behaviour:
  m_ObjectHideFlags: 0
  m_PrefabParentObject: {fileID: 0}
  m_PrefabInternal: {fileID: 0}
  m_GameObject: {fileID: 1502537592}
  m_Enabled: 1
--- !u!20 &1502537596
Camera:
  m_ObjectHideFlags: 0
  m_PrefabParentObject: {fileID: 0}
  m_PrefabInternal: {fileID: 0}
  m_GameObject: {fileID: 1502537592}
  m_Enabled: 1
  serializedVersion: 2
  m_ClearFlags: 1
  m_BackGroundColor: {r: .192156866, g: .301960796, b: .474509805, a: .0196078438}
  m_NormalizedViewPortRect:
    serializedVersion: 2
    x: 0
    y: 0
    width: 1
    height: 1
  near clip plane: .300000012
  far clip plane: 1000
  field of view: 60
  orthographic: 0
  orthographic size: 5
  m_Depth: -1
  m_CullingMask:
    serializedVersion: 2
    m_Bits: 4294967295
  m_RenderingPath: -1
  m_TargetTexture: {fileID: 0}
  m_TargetDisplay: 0
  m_TargetEye: 3
  m_HDR: 0
  m_OcclusionCulling: 1
  m_StereoConvergence: 10
  m_StereoSeparation: .0219999999
  m_StereoMirrorMode: 0
--- !u!4 &1502537597
Transform:
  m_ObjectHideFlags: 0
  m_PrefabParentObject: {fileID: 0}
  m_PrefabInternal: {fileID: 0}
  m_GameObject: {fileID: 1502537592}
  m_LocalRotation: {x: .295007646, y: .370193213, z: -.0643741637, w: .878512084}
  m_LocalPosition: {x: 0, y: 30.9300003, z: -10}
  m_LocalScale: {x: 1, y: 1, z: 1}
  m_Children: []
  m_Father: {fileID: 0}
  m_RootOrder: 2
--- !u!1001 &1622690050
Prefab:
  m_ObjectHideFlags: 0
  serializedVersion: 2
  m_Modification:
    m_TransformParent: {fileID: 1439262273}
    m_Modifications:
    - target: {fileID: 400054, guid: 16067d028f092e04a8e686c7c8376e70, type: 3}
      propertyPath: m_LocalPosition.x
      value: 43.0200005
      objectReference: {fileID: 0}
    - target: {fileID: 400054, guid: 16067d028f092e04a8e686c7c8376e70, type: 3}
      propertyPath: m_LocalPosition.y
      value: 92.7182922
      objectReference: {fileID: 0}
    - target: {fileID: 400054, guid: 16067d028f092e04a8e686c7c8376e70, type: 3}
      propertyPath: m_LocalPosition.z
      value: -109.360001
      objectReference: {fileID: 0}
    - target: {fileID: 400054, guid: 16067d028f092e04a8e686c7c8376e70, type: 3}
      propertyPath: m_LocalRotation.x
      value: 0
      objectReference: {fileID: 0}
    - target: {fileID: 400054, guid: 16067d028f092e04a8e686c7c8376e70, type: 3}
      propertyPath: m_LocalRotation.y
      value: 0
      objectReference: {fileID: 0}
    - target: {fileID: 400054, guid: 16067d028f092e04a8e686c7c8376e70, type: 3}
      propertyPath: m_LocalRotation.z
      value: 0
      objectReference: {fileID: 0}
    - target: {fileID: 400054, guid: 16067d028f092e04a8e686c7c8376e70, type: 3}
      propertyPath: m_LocalRotation.w
      value: 1
      objectReference: {fileID: 0}
    - target: {fileID: 400054, guid: 16067d028f092e04a8e686c7c8376e70, type: 3}
      propertyPath: m_RootOrder
      value: 4
      objectReference: {fileID: 0}
    - target: {fileID: 100054, guid: 16067d028f092e04a8e686c7c8376e70, type: 3}
      propertyPath: m_Name
      value: tree3 (2)
      objectReference: {fileID: 0}
    m_RemovedComponents: []
  m_ParentPrefab: {fileID: 100100000, guid: 16067d028f092e04a8e686c7c8376e70, type: 3}
  m_IsPrefabParent: 0
--- !u!4 &1622690051 stripped
Transform:
  m_PrefabParentObject: {fileID: 400054, guid: 16067d028f092e04a8e686c7c8376e70, type: 3}
  m_PrefabInternal: {fileID: 1622690050}
--- !u!1001 &1737362206
Prefab:
  m_ObjectHideFlags: 0
  serializedVersion: 2
  m_Modification:
    m_TransformParent: {fileID: 744033518}
    m_Modifications:
    - target: {fileID: 400022, guid: 2bcff49477bd70d47a2d463d71a61707, type: 3}
      propertyPath: m_LocalPosition.x
      value: -15.9037876
      objectReference: {fileID: 0}
    - target: {fileID: 400022, guid: 2bcff49477bd70d47a2d463d71a61707, type: 3}
      propertyPath: m_LocalPosition.y
      value: -13.6408691
      objectReference: {fileID: 0}
    - target: {fileID: 400022, guid: 2bcff49477bd70d47a2d463d71a61707, type: 3}
      propertyPath: m_LocalPosition.z
      value: -14.8900003
      objectReference: {fileID: 0}
    - target: {fileID: 400022, guid: 2bcff49477bd70d47a2d463d71a61707, type: 3}
      propertyPath: m_LocalRotation.x
      value: 0
      objectReference: {fileID: 0}
    - target: {fileID: 400022, guid: 2bcff49477bd70d47a2d463d71a61707, type: 3}
      propertyPath: m_LocalRotation.y
      value: 0
      objectReference: {fileID: 0}
    - target: {fileID: 400022, guid: 2bcff49477bd70d47a2d463d71a61707, type: 3}
      propertyPath: m_LocalRotation.z
      value: 0
      objectReference: {fileID: 0}
    - target: {fileID: 400022, guid: 2bcff49477bd70d47a2d463d71a61707, type: 3}
      propertyPath: m_LocalRotation.w
      value: 1
      objectReference: {fileID: 0}
    - target: {fileID: 400022, guid: 2bcff49477bd70d47a2d463d71a61707, type: 3}
      propertyPath: m_RootOrder
      value: 6
      objectReference: {fileID: 0}
    - target: {fileID: 100022, guid: 2bcff49477bd70d47a2d463d71a61707, type: 3}
      propertyPath: m_Name
      value: tree2 (6)
      objectReference: {fileID: 0}
    m_RemovedComponents: []
  m_ParentPrefab: {fileID: 100100000, guid: 2bcff49477bd70d47a2d463d71a61707, type: 3}
  m_IsPrefabParent: 0
--- !u!4 &1737362207 stripped
Transform:
  m_PrefabParentObject: {fileID: 400022, guid: 2bcff49477bd70d47a2d463d71a61707, type: 3}
  m_PrefabInternal: {fileID: 1737362206}
--- !u!1 &1742959977
GameObject:
  m_ObjectHideFlags: 0
  m_PrefabParentObject: {fileID: 0}
  m_PrefabInternal: {fileID: 0}
  serializedVersion: 4
  m_Component:
  - 4: {fileID: 1742959978}
  m_Layer: 0
  m_Name: Collider
  m_TagString: Untagged
  m_Icon: {fileID: 0}
  m_NavMeshLayer: 0
  m_StaticEditorFlags: 0
  m_IsActive: 1
--- !u!4 &1742959978
Transform:
  m_ObjectHideFlags: 0
  m_PrefabParentObject: {fileID: 0}
  m_PrefabInternal: {fileID: 0}
  m_GameObject: {fileID: 1742959977}
  m_LocalRotation: {x: 0, y: 0, z: 0, w: 1}
  m_LocalPosition: {x: 13.7436523, y: 9.30273438, z: 40.1601562}
  m_LocalScale: {x: 1, y: 1, z: 1}
  m_Children:
  - {fileID: 316810017}
  - {fileID: 164812321}
  - {fileID: 965357123}
  - {fileID: 1253895070}
  - {fileID: 1257942796}
  m_Father: {fileID: 0}
  m_RootOrder: 8
--- !u!1 &1761003559
GameObject:
  m_ObjectHideFlags: 0
  m_PrefabParentObject: {fileID: 0}
  m_PrefabInternal: {fileID: 0}
  serializedVersion: 4
  m_Component:
  - 4: {fileID: 1761003560}
  - 33: {fileID: 1761003563}
  - 65: {fileID: 1761003562}
  - 23: {fileID: 1761003561}
  m_Layer: 0
  m_Name: Cube
  m_TagString: Untagged
  m_Icon: {fileID: 0}
  m_NavMeshLayer: 0
  m_StaticEditorFlags: 0
  m_IsActive: 1
--- !u!4 &1761003560
Transform:
  m_ObjectHideFlags: 0
  m_PrefabParentObject: {fileID: 0}
  m_PrefabInternal: {fileID: 0}
  m_GameObject: {fileID: 1761003559}
  m_LocalRotation: {x: 0, y: 0, z: 0, w: 1}
  m_LocalPosition: {x: -14.143652, y: 0, z: -15.0301571}
  m_LocalScale: {x: 1, y: 14.0409908, z: 49.6624985}
  m_Children: []
  m_Father: {fileID: 2005637403}
  m_RootOrder: 0
--- !u!23 &1761003561
MeshRenderer:
  m_ObjectHideFlags: 0
  m_PrefabParentObject: {fileID: 0}
  m_PrefabInternal: {fileID: 0}
  m_GameObject: {fileID: 1761003559}
  m_Enabled: 0
  m_CastShadows: 1
  m_ReceiveShadows: 1
  m_Materials:
  - {fileID: 10303, guid: 0000000000000000f000000000000000, type: 0}
  m_SubsetIndices: 
  m_StaticBatchRoot: {fileID: 0}
  m_UseLightProbes: 1
  m_ReflectionProbeUsage: 1
  m_ProbeAnchor: {fileID: 0}
  m_ScaleInLightmap: 1
  m_PreserveUVs: 1
  m_IgnoreNormalsForChartDetection: 0
  m_ImportantGI: 0
  m_MinimumChartSize: 4
  m_AutoUVMaxDistance: .5
  m_AutoUVMaxAngle: 89
  m_LightmapParameters: {fileID: 0}
  m_SortingLayerID: 0
  m_SortingOrder: 0
--- !u!65 &1761003562
BoxCollider:
  m_ObjectHideFlags: 0
  m_PrefabParentObject: {fileID: 0}
  m_PrefabInternal: {fileID: 0}
  m_GameObject: {fileID: 1761003559}
  m_Material: {fileID: 0}
  m_IsTrigger: 0
  m_Enabled: 1
  serializedVersion: 2
  m_Size: {x: 1, y: 1, z: 1}
  m_Center: {x: 0, y: 0, z: 0}
--- !u!33 &1761003563
MeshFilter:
  m_ObjectHideFlags: 0
  m_PrefabParentObject: {fileID: 0}
  m_PrefabInternal: {fileID: 0}
  m_GameObject: {fileID: 1761003559}
  m_Mesh: {fileID: 10202, guid: 0000000000000000e000000000000000, type: 0}
--- !u!1001 &1818853145
Prefab:
  m_ObjectHideFlags: 0
  serializedVersion: 2
  m_Modification:
    m_TransformParent: {fileID: 744033518}
    m_Modifications:
    - target: {fileID: 400022, guid: 2bcff49477bd70d47a2d463d71a61707, type: 3}
      propertyPath: m_LocalPosition.x
      value: -11.3894024
      objectReference: {fileID: 0}
    - target: {fileID: 400022, guid: 2bcff49477bd70d47a2d463d71a61707, type: 3}
      propertyPath: m_LocalPosition.y
      value: -13.6408691
      objectReference: {fileID: 0}
    - target: {fileID: 400022, guid: 2bcff49477bd70d47a2d463d71a61707, type: 3}
      propertyPath: m_LocalPosition.z
      value: -10.5
      objectReference: {fileID: 0}
    - target: {fileID: 400022, guid: 2bcff49477bd70d47a2d463d71a61707, type: 3}
      propertyPath: m_LocalRotation.x
      value: 0
      objectReference: {fileID: 0}
    - target: {fileID: 400022, guid: 2bcff49477bd70d47a2d463d71a61707, type: 3}
      propertyPath: m_LocalRotation.y
      value: 0
      objectReference: {fileID: 0}
    - target: {fileID: 400022, guid: 2bcff49477bd70d47a2d463d71a61707, type: 3}
      propertyPath: m_LocalRotation.z
      value: 0
      objectReference: {fileID: 0}
    - target: {fileID: 400022, guid: 2bcff49477bd70d47a2d463d71a61707, type: 3}
      propertyPath: m_LocalRotation.w
      value: 1
      objectReference: {fileID: 0}
    - target: {fileID: 400022, guid: 2bcff49477bd70d47a2d463d71a61707, type: 3}
      propertyPath: m_RootOrder
      value: 4
      objectReference: {fileID: 0}
    - target: {fileID: 100022, guid: 2bcff49477bd70d47a2d463d71a61707, type: 3}
      propertyPath: m_Name
      value: tree2 (4)
      objectReference: {fileID: 0}
    m_RemovedComponents: []
  m_ParentPrefab: {fileID: 100100000, guid: 2bcff49477bd70d47a2d463d71a61707, type: 3}
  m_IsPrefabParent: 0
--- !u!4 &1818853146 stripped
Transform:
  m_PrefabParentObject: {fileID: 400022, guid: 2bcff49477bd70d47a2d463d71a61707, type: 3}
  m_PrefabInternal: {fileID: 1818853145}
--- !u!1 &1825725387
GameObject:
  m_ObjectHideFlags: 0
  m_PrefabParentObject: {fileID: 0}
  m_PrefabInternal: {fileID: 0}
  serializedVersion: 4
  m_Component:
  - 4: {fileID: 1825725389}
  - 108: {fileID: 1825725388}
  m_Layer: 0
  m_Name: Directional Light
  m_TagString: Untagged
  m_Icon: {fileID: 0}
  m_NavMeshLayer: 0
  m_StaticEditorFlags: 0
  m_IsActive: 1
--- !u!108 &1825725388
Light:
  m_ObjectHideFlags: 0
  m_PrefabParentObject: {fileID: 0}
  m_PrefabInternal: {fileID: 0}
  m_GameObject: {fileID: 1825725387}
  m_Enabled: 1
  serializedVersion: 6
  m_Type: 1
  m_Color: {r: 1, g: .956862748, b: .839215696, a: 1}
  m_Intensity: 1
  m_Range: 10
  m_SpotAngle: 30
  m_CookieSize: 10
  m_Shadows:
    m_Type: 2
    m_Resolution: -1
    m_Strength: 1
    m_Bias: .0500000007
    m_NormalBias: .400000006
  m_Cookie: {fileID: 0}
  m_DrawHalo: 0
  m_Flare: {fileID: 0}
  m_RenderMode: 0
  m_CullingMask:
    serializedVersion: 2
    m_Bits: 4294967295
  m_Lightmapping: 4
  m_BounceIntensity: 1
  m_ShadowRadius: 0
  m_ShadowAngle: 0
  m_AreaSize: {x: 1, y: 1}
--- !u!4 &1825725389
Transform:
  m_ObjectHideFlags: 0
  m_PrefabParentObject: {fileID: 0}
  m_PrefabInternal: {fileID: 0}
  m_GameObject: {fileID: 1825725387}
  m_LocalRotation: {x: .408217937, y: -.234569728, z: .109381676, w: .875426054}
  m_LocalPosition: {x: 0, y: 3, z: 0}
  m_LocalScale: {x: 1, y: 1, z: 1}
  m_Children: []
  m_Father: {fileID: 0}
  m_RootOrder: 3
--- !u!1001 &1834845029
Prefab:
  m_ObjectHideFlags: 0
  serializedVersion: 2
  m_Modification:
    m_TransformParent: {fileID: 1439262273}
    m_Modifications:
    - target: {fileID: 400054, guid: 16067d028f092e04a8e686c7c8376e70, type: 3}
      propertyPath: m_LocalPosition.x
      value: 39.2999992
      objectReference: {fileID: 0}
    - target: {fileID: 400054, guid: 16067d028f092e04a8e686c7c8376e70, type: 3}
      propertyPath: m_LocalPosition.y
      value: 92.7182922
      objectReference: {fileID: 0}
    - target: {fileID: 400054, guid: 16067d028f092e04a8e686c7c8376e70, type: 3}
      propertyPath: m_LocalPosition.z
      value: -112.790001
      objectReference: {fileID: 0}
    - target: {fileID: 400054, guid: 16067d028f092e04a8e686c7c8376e70, type: 3}
      propertyPath: m_LocalRotation.x
      value: 0
      objectReference: {fileID: 0}
    - target: {fileID: 400054, guid: 16067d028f092e04a8e686c7c8376e70, type: 3}
      propertyPath: m_LocalRotation.y
      value: 0
      objectReference: {fileID: 0}
    - target: {fileID: 400054, guid: 16067d028f092e04a8e686c7c8376e70, type: 3}
      propertyPath: m_LocalRotation.z
      value: 0
      objectReference: {fileID: 0}
    - target: {fileID: 400054, guid: 16067d028f092e04a8e686c7c8376e70, type: 3}
      propertyPath: m_LocalRotation.w
      value: 1
      objectReference: {fileID: 0}
    - target: {fileID: 400054, guid: 16067d028f092e04a8e686c7c8376e70, type: 3}
      propertyPath: m_RootOrder
      value: 3
      objectReference: {fileID: 0}
    - target: {fileID: 100054, guid: 16067d028f092e04a8e686c7c8376e70, type: 3}
      propertyPath: m_Name
      value: tree3 (3)
      objectReference: {fileID: 0}
    m_RemovedComponents: []
  m_ParentPrefab: {fileID: 100100000, guid: 16067d028f092e04a8e686c7c8376e70, type: 3}
  m_IsPrefabParent: 0
--- !u!4 &1834845030 stripped
Transform:
  m_PrefabParentObject: {fileID: 400054, guid: 16067d028f092e04a8e686c7c8376e70, type: 3}
  m_PrefabInternal: {fileID: 1834845029}
--- !u!1 &2005637402
GameObject:
  m_ObjectHideFlags: 0
  m_PrefabParentObject: {fileID: 0}
  m_PrefabInternal: {fileID: 0}
  serializedVersion: 4
  m_Component:
  - 4: {fileID: 2005637403}
  m_Layer: 0
  m_Name: Border
  m_TagString: Untagged
  m_Icon: {fileID: 0}
  m_NavMeshLayer: 0
  m_StaticEditorFlags: 0
  m_IsActive: 1
--- !u!4 &2005637403
Transform:
  m_ObjectHideFlags: 0
  m_PrefabParentObject: {fileID: 0}
  m_PrefabInternal: {fileID: 0}
  m_GameObject: {fileID: 2005637402}
  m_LocalRotation: {x: 0, y: 0, z: 0, w: 1}
  m_LocalPosition: {x: 13.7436523, y: 9.30273438, z: 40.1601562}
  m_LocalScale: {x: 1, y: 1, z: 1}
  m_Children:
  - {fileID: 1761003560}
  - {fileID: 956358842}
  - {fileID: 1149454288}
  - {fileID: 2144744036}
  m_Father: {fileID: 0}
  m_RootOrder: 9
--- !u!1001 &2018958011
Prefab:
  m_ObjectHideFlags: 0
  serializedVersion: 2
  m_Modification:
    m_TransformParent: {fileID: 744033518}
    m_Modifications:
    - target: {fileID: 400022, guid: 2bcff49477bd70d47a2d463d71a61707, type: 3}
      propertyPath: m_LocalPosition.x
      value: -11.7394018
      objectReference: {fileID: 0}
    - target: {fileID: 400022, guid: 2bcff49477bd70d47a2d463d71a61707, type: 3}
      propertyPath: m_LocalPosition.y
      value: -13.6408691
      objectReference: {fileID: 0}
    - target: {fileID: 400022, guid: 2bcff49477bd70d47a2d463d71a61707, type: 3}
      propertyPath: m_LocalPosition.z
      value: -5.69000006
      objectReference: {fileID: 0}
    - target: {fileID: 400022, guid: 2bcff49477bd70d47a2d463d71a61707, type: 3}
      propertyPath: m_LocalRotation.x
      value: 0
      objectReference: {fileID: 0}
    - target: {fileID: 400022, guid: 2bcff49477bd70d47a2d463d71a61707, type: 3}
      propertyPath: m_LocalRotation.y
      value: 0
      objectReference: {fileID: 0}
    - target: {fileID: 400022, guid: 2bcff49477bd70d47a2d463d71a61707, type: 3}
      propertyPath: m_LocalRotation.z
      value: 0
      objectReference: {fileID: 0}
    - target: {fileID: 400022, guid: 2bcff49477bd70d47a2d463d71a61707, type: 3}
      propertyPath: m_LocalRotation.w
      value: 1
      objectReference: {fileID: 0}
    - target: {fileID: 400022, guid: 2bcff49477bd70d47a2d463d71a61707, type: 3}
      propertyPath: m_RootOrder
      value: 9
      objectReference: {fileID: 0}
    - target: {fileID: 100022, guid: 2bcff49477bd70d47a2d463d71a61707, type: 3}
      propertyPath: m_Name
      value: tree2 (9)
      objectReference: {fileID: 0}
    m_RemovedComponents: []
  m_ParentPrefab: {fileID: 100100000, guid: 2bcff49477bd70d47a2d463d71a61707, type: 3}
  m_IsPrefabParent: 0
--- !u!4 &2018958012 stripped
Transform:
  m_PrefabParentObject: {fileID: 400022, guid: 2bcff49477bd70d47a2d463d71a61707, type: 3}
  m_PrefabInternal: {fileID: 2018958011}
--- !u!1001 &2079140250
Prefab:
  m_ObjectHideFlags: 0
  serializedVersion: 2
  m_Modification:
    m_TransformParent: {fileID: 1477421312}
    m_Modifications:
    - target: {fileID: 400000, guid: 008ff18a38da9644688b90ed0d72b2b5, type: 3}
      propertyPath: m_LocalPosition.x
      value: 1.0067358
      objectReference: {fileID: 0}
    - target: {fileID: 400000, guid: 008ff18a38da9644688b90ed0d72b2b5, type: 3}
      propertyPath: m_LocalPosition.y
      value: -3.04659271
      objectReference: {fileID: 0}
    - target: {fileID: 400000, guid: 008ff18a38da9644688b90ed0d72b2b5, type: 3}
      propertyPath: m_LocalPosition.z
      value: -.160995483
      objectReference: {fileID: 0}
    - target: {fileID: 400000, guid: 008ff18a38da9644688b90ed0d72b2b5, type: 3}
      propertyPath: m_LocalRotation.x
      value: -.707106829
      objectReference: {fileID: 0}
    - target: {fileID: 400000, guid: 008ff18a38da9644688b90ed0d72b2b5, type: 3}
      propertyPath: m_LocalRotation.y
      value: 0
      objectReference: {fileID: 0}
    - target: {fileID: 400000, guid: 008ff18a38da9644688b90ed0d72b2b5, type: 3}
      propertyPath: m_LocalRotation.z
      value: -0
      objectReference: {fileID: 0}
    - target: {fileID: 400000, guid: 008ff18a38da9644688b90ed0d72b2b5, type: 3}
      propertyPath: m_LocalRotation.w
      value: .707106829
      objectReference: {fileID: 0}
    - target: {fileID: 400000, guid: 008ff18a38da9644688b90ed0d72b2b5, type: 3}
      propertyPath: m_RootOrder
      value: 2
      objectReference: {fileID: 0}
    - target: {fileID: 400000, guid: 008ff18a38da9644688b90ed0d72b2b5, type: 3}
      propertyPath: m_LocalScale.x
      value: 2
      objectReference: {fileID: 0}
    - target: {fileID: 400000, guid: 008ff18a38da9644688b90ed0d72b2b5, type: 3}
      propertyPath: m_LocalScale.y
      value: 2
      objectReference: {fileID: 0}
    - target: {fileID: 400000, guid: 008ff18a38da9644688b90ed0d72b2b5, type: 3}
      propertyPath: m_LocalScale.z
      value: 5
      objectReference: {fileID: 0}
    m_RemovedComponents: []
  m_ParentPrefab: {fileID: 100100000, guid: 008ff18a38da9644688b90ed0d72b2b5, type: 3}
  m_IsPrefabParent: 0
--- !u!4 &2079140251 stripped
Transform:
  m_PrefabParentObject: {fileID: 400000, guid: 008ff18a38da9644688b90ed0d72b2b5, type: 3}
  m_PrefabInternal: {fileID: 2079140250}
--- !u!1 &2144744032
GameObject:
  m_ObjectHideFlags: 0
  m_PrefabParentObject: {fileID: 0}
  m_PrefabInternal: {fileID: 0}
  serializedVersion: 4
  m_Component:
  - 4: {fileID: 2144744036}
  - 33: {fileID: 2144744035}
  - 65: {fileID: 2144744034}
  - 23: {fileID: 2144744033}
  m_Layer: 0
  m_Name: Cube (1)
  m_TagString: Untagged
  m_Icon: {fileID: 0}
  m_NavMeshLayer: 0
  m_StaticEditorFlags: 0
  m_IsActive: 1
--- !u!23 &2144744033
MeshRenderer:
  m_ObjectHideFlags: 0
  m_PrefabParentObject: {fileID: 0}
  m_PrefabInternal: {fileID: 0}
  m_GameObject: {fileID: 2144744032}
  m_Enabled: 0
  m_CastShadows: 1
  m_ReceiveShadows: 1
  m_Materials:
  - {fileID: 10303, guid: 0000000000000000f000000000000000, type: 0}
  m_SubsetIndices: 
  m_StaticBatchRoot: {fileID: 0}
  m_UseLightProbes: 1
  m_ReflectionProbeUsage: 1
  m_ProbeAnchor: {fileID: 0}
  m_ScaleInLightmap: 1
  m_PreserveUVs: 1
  m_IgnoreNormalsForChartDetection: 0
  m_ImportantGI: 0
  m_MinimumChartSize: 4
  m_AutoUVMaxDistance: .5
  m_AutoUVMaxAngle: 89
  m_LightmapParameters: {fileID: 0}
  m_SortingLayerID: 0
  m_SortingOrder: 0
--- !u!65 &2144744034
BoxCollider:
  m_ObjectHideFlags: 0
  m_PrefabParentObject: {fileID: 0}
  m_PrefabInternal: {fileID: 0}
  m_GameObject: {fileID: 2144744032}
  m_Material: {fileID: 0}
  m_IsTrigger: 0
  m_Enabled: 1
  serializedVersion: 2
  m_Size: {x: 1, y: 1, z: 1}
  m_Center: {x: 0, y: 0, z: 0}
--- !u!33 &2144744035
MeshFilter:
  m_ObjectHideFlags: 0
  m_PrefabParentObject: {fileID: 0}
  m_PrefabInternal: {fileID: 0}
  m_GameObject: {fileID: 2144744032}
  m_Mesh: {fileID: 10202, guid: 0000000000000000e000000000000000, type: 0}
--- !u!4 &2144744036
Transform:
  m_ObjectHideFlags: 0
  m_PrefabParentObject: {fileID: 0}
  m_PrefabInternal: {fileID: 0}
  m_GameObject: {fileID: 2144744032}
  m_LocalRotation: {x: 0, y: 0, z: 0, w: 1}
  m_LocalPosition: {x: 36.6563492, y: 0, z: -15.1901569}
  m_LocalScale: {x: 1, y: 14.0409908, z: 49.3343964}
  m_Children: []
  m_Father: {fileID: 2005637403}
  m_RootOrder: 3
